2160 2697
1044 155 1092 194 18

198 263 306 295 titulus
325 263 443 303 „rui-isu
464 271 482 294 s
501 259 601 295 Plinio
622 262 758 302 haustus,
773 259 839 304 'quo
859 261 972 294 detoto
992 261 1049 293 hoe
1062 272 1170 303 genere
1190 263 1290 303 egisse
1310 259 1437 299 videtur,
1458 266 1520 293 tam
1534 261 1614 293 male
1634 263 1800 303 exscriptus
1821 267 1852 295 et
1872 267 1935 295 tam

198 313 307 343 mucre
325 310 486 343 mutilatus
504 311 560 349 sit,
587 315 622 342 ut
640 312 744 343 omnia
761 311 825 343 fere
843 309 1025 342 divinationi
1043 309 1266 351 relinquantur:
1291 309 1327 341 cf.
1349 309 1463 341 Charis.
1484 320 1512 351 p.
1535 310 1595 342 142
1614 310 1652 342 K.
1671 315 1701 342 et
1723 311 1780 343 139
1800 311 1837 343 Κ.
1858 321 1883 343 s.
1905 322 1937 343 v.

198 359 273 391 orbi.
312 358 449 399 Denique
467 368 559 399 quum
576 368 597 390 a
615 358 819 400 grammaticis
837 357 930 390 dubia
947 362 1135 397 vocarentur,
1161 368 1259 399 „quae
1276 357 1363 389 nulla
1386 358 1502 388 ratione
1522 362 1647 398 cogente
1666 360 1831 390 auctoritas
1850 364 1937 390 vete—

198 417 264 440 rum
281 406 402 439 diverso
422 416 531 448 genere
550 407 694 448 pmtulit“
704 406 744 448 ²),
765 405 803 438 ds
822 405 983 447 generibus
1002 416 1120 447 quoque
1140 406 1249 446 dubiis,
1269 409 1306 438 ut
1325 415 1363 436 ex
1383 404 1559 446 fragmentis
1579 405 1669 448 hujus
1683 406 1836 438 doctrinae
1856 408 1935 448 apud

198 455 367 487 mendum
393 459 425 486 et
448 455 635 487 Priscianum
659 455 789 486 servatis
815 457 954 494 apparet,
981 456 1174 494 quaestiones
1200 454 1378 494 instituit’).
1418 451 1573 495 'Deinceps
1599 465 1645 494 es,
1672 465 1749 496 quae
1777 455 1936 496 analogiae

198 503 386 535 auctoritatis
405 503 632 535 consuetudinis
651 510 801 533 consensu
820 501 939 533 defendi
959 501 1148 541 videbantur,
1169 512 1248 541 „non
1269 502 1379 533 dubia“
1400 512 1467 533 esse
1487 503 1615 533 censuit:
1635 502 1674 534 cf.
1690 502 1806 534 Charis.
1826 513 1855 543 p.
1877 504 1937 535 142

199 559 225 583 s.
244 560 276 582 v.
295 553 413 590 ‚,rure“.
448 551 603 583 Postremo
624 549 756 588 „similia
775 548 895 581 dubiiff‘
915 550 970 589 ita,
990 551 1104 590 opinor,
1125 551 1272 589 definivit,
1292 554 1327 581 ut
1346 549 1502 588 vocabula,
1524 560 1602 589 quae
1621 549 1755 591 duplices
1774 551 1936 591 variasque

198 598 311 631 formas
329 599 456 640 ideoque
475 597 645 631 anomaliae
664 597 812 628 rationem
830 597 998 638 proderent,
1019 599 1066 629 sin
1085 600 1132 630 ita
1151 602 1186 630 ut
1199 598 1320 629 diversa
1339 597 1544 638 significarent
1563 602 1594 628 et
1613 599 1645 628 in
1661 598 1753 629 aliam
1772 599 1937 629 tiansirent

193 648 337 679 orationis
356 651 471 688 partem
490 647 701 687 proten-enm,
728 646 926 677 certissimam
945 645 1104 687 analogiae
1124 650 1311 678 ostentarent
1335 655 1472 676 normam
1492 645 1735 686 complecteretur
1744 647 1788 687 ⁸):
1816 657 1877 687 qua
1903 648 1935 678 in

192 700 279 727 re‘ut
298 695 480 728 anomaliam
501 693 725 735 angustioribus
744 692 856 725 finibus
875 694 1129 726 circumscriberet
1148 695 1375 726 reconditiorem
1396 698 1427 725 et
1441 693 1626 725 subtiliorem
1647 695 1678 725 in
1700 694 1802 726 verbis
1820 695 1932 726 discer-

191 744 299 775 nendis
317 744 513 785 partibusque
520 743 551 784 ⁴)
571 743 717 774 orationis
737 741 911 775 ordinandis
930 743 1053 775 modum
1073 744 1247 776 adhibuisse
1267 742 1437 783 videtui-⁶).

227 811 231 814 >
288 799 338 830 Sic
365 798 402 830 ad
431 798 542 829 similia
568 808 684 838 quoque
709 798 809 829 dubiis
830 798 991 838 analogiae
1016 810 1052 830 ac
1072 801 1198 830 rationis
1217 800 1281 830 vim
1301 797 1402 829 valere
1423 802 1455 828 et
1477 798 1623 828 ambitum
1644 799 1849 830 artificiosiore
1870 800 1933 829 dis-

191 846 309 879 serendi
335 845 525 878 modo'usus
551 845 682 877 ostendit
705 845 832 876 Plinius.
885 845 944 877 Sed
972 846 1100 878 multum
1127 847 1247 884 aberat,
1273 849 1307 877 ut
1340 845 1377 876 de
1403 846 1462 884 eis,
1492 855 1568 886 quae
1594 845 1687 876 dubia
1713 856 1780 877 esse
1807 848 1934 883 censuit,

194 896 315 927 omnino
335 904 396 926 non
416 893 605 935 dijudicaret:
627 903 758 935 namque
778 902 873 933 quum
895 893 953 933 „ad
976 893 1139 926 utilitatem
1160 894 1349 935 potissimum
1372 896 1493 933 spectet,
1520 896 1555 924 ut
1575 893 1712 925 diversae
1739 894 1936 934 significatio-

193 945 243 974 nis
262 943 357 974 verba
376 942 507 974 discreta
526 943 588 973 sint
616 952 690 973 sono
710 951 747 973 ac
765 941 877 980 forma,
906 951 965 982 quo
986 953 1080 982 quum
1100 946 1205 983 aperta
1224 942 1280 973 fiat
1300 943 1416 973 oratio“
1428 941 1469 981 ⁸),
1489 941 1646 980 utilitatis,
1674 943 1721 973 cui
1747 952 1936 982 summopere

195 990 321 1030 studuit,
341 993 377 1022 ut
396 991 493 1031 ipsius
511 989 605 1021 verba
624 989 825 1029 tactuum-⁷),
851 989 1028 1031 quaestione
1048 991 1080 1022 in
1101 990 1233 1021 medium
1254 989 1373 1030 prolata
1391 990 1482 1020 'certis
1503 989 1746 1020 distinctionibus
1767 992 1875 1031 quippe
1896 991 1936 1021 ad

193 1048 283 1080 nsum
304 1048 340 1070 ae
359 1039 604 1079 perspicuitatem
625 1039 771 1070 sermonis
791 1037 962 1069 utilissimis
983 1048 1058 1079 opus
1085 1048 1152 1070 esse
1173 1038 1368 1070 existimavit.
1411 1038 1517 1078 ltaque
1544 1038 1581 1069 ad
1603 1039 1760 1069 notionum
1785 1043 1816 1069 ct
1842 1049 1934 1070 voce—

192 1086 331 1119 bulorum
350 1088 530 1126 varietatem
550 1090 688 1118 accurate
708 1085 912 1117 annotandum
933 1090 964 1117 et
984 1085 1112 1118 diversis
1127 1087 1231 1118 formis
1246 1085 1470 1116 discernendam
1484 1085 1659 1126 diligentins
1674 1087 1808 1117 animum
1823 1087 1931 1117 adver-

191 1136 248 1174 tit,
275 1136 361 1176 cujus
382 1145 471 1167 curae
490 1135 655 1176 specimina
680 1136 712 1166 in
732 1134 867 1166 frustulis
893 1136 968 1166 satis
996 1134 1094 1167 multa
1121 1135 1339 1176 deprehendere
1367 1133 1446 1166 licet.
1485 1136 1584 1175 Atque
1611 1135 1791 1166 auctoritate
1811 1136 1930 1176 quidem

191 1184 366 1224 sciptorum
382 1187 414 1214 et
426 1182 640 1214 consuetudine
653 1183 684 1213 iu
698 1182 797 1213 dubiis
810 1182 970 1214 verborum
983 1183 1087 1214 formis
1100 1183 1294 1214 defendendis
1307 1187 1338 1214 et
1350 1183 1567 1214 constituendis
1582 1184 1703 1214 innixus
1718 1189 1784 1214 est:
1805 1186 1834 1214 id
1854 1186 1931 1224 quod

192 1230 319 1264 Charisii
339 1234 371 1264 et
389 1229 523 1273 Pompeji
549 1229 641 1269 locis,
667 1240 742 1271 quos
769 1240 860 1272 supra
879 1230 1107 1272 adscripsimus,
1135 1232 1211 1263 satis
1231 1230 1398 1263 luculenter
1418 1235 1553 1272 apparet.
1595 1231 1701 1272 Itaque
1722 1241 1844 1263 summa
1865 1242 1935 1272 pro·

191 1281 282 1321 positi
302 1280 470 1311 constantia
495 1279 612 1311 efficere
639 1279 768 1318 studuit,
796 1283 833 1311 ut
858 1279 1046 1312 dubitatione
1071 1290 1109 1311 ex
1134 1281 1217 1311 omni
1237 1280 1385 1312 sermonis
1411 1280 1535 1311 circuitu
1563 1285 1678 1311 remota
1707 1286 1788 1311 certa
1815 1281 1932 1312 dicendi

192 1327 399 1368 scribendique
417 1336 523 1359 norma
542 1327 623 1359 omni
643 1327 906 1369 numeroexplets
926 1328 1068 1369 omnique
1087 1328 1202 1358 ratione
1222 1328 1399 1359 confirmata
1419 1329 1536 1359 civibus
1557 1329 1621 1358 suis
1642 1329 1797 1369 sequenda
1818 1330 1847 1359 in
1864 1340 1933 1369 pro-

191 1376 295 1416 patulo
314 1376 365 1407 sit.

288 1431 356 1464 Jam
377 1431 416 1462 ad
435 1432 648 1472 gravissimum
670 1431 764 1471 ipsius
783 1431 873 1463 Plinii
894 1431 931 1462 de
951 1431 1035 1462 libris
1050 1432 1254 1472 grammaticis
1275 1432 1489 1469 testimonium,
1505 1428 1594 1463 'unde
1614 1432 1736 1472 profecti
1758 1433 1795 1463 de
1816 1436 1931 1465 ratione

192 1479 344 1520 temporis,
365 1489 423 1520 quo
443 1479 512 1510 libri
532 1479 689 1519 conscripti
709 1479 780 1518 sint,
800 1482 971 1519 praeeunte
982 1479 1085 1510 Naum.
1107 1479 1346 1519 disputavimus,
1368 1484 1568 1515 revertamur,
1597 1485 1632 1510 ut
1652 1481 1787 1520 quaestio
1807 1481 1845 1512 de
1866 1482 1928 1512 Pli-

192 1529 277 1560 niani
297 1528 396 1570 operis
417 1526 542 1559 consilio
562 1530 654 1569 atque
674 1522 1027 1570 argumentoproposita
1046 1527 1141 1569 quoad
1164 1538 1216 1569 per
1238 1529 1390 1568 penuriam
1407 1528 1584 1568 reliquorum
1605 1528 1654 1568 qui
1677 1529 1847 1561 etiamnunc
1867 1541 1931 1561 ma—

291 1656 315 1688 2)
332 1655 371 1682 Cf.
389 1654 514 1682 Priscian.
532 1656 577 1682 141
596 1654 628 1682 Η.

289 1699 315 1728 ¹)
332 1696 373 1723 cf.
389 1696 492 1723 charis.
509 1703 536 1729 p.
553 1697 592 1722 77.
609 1697 657 1723 105
673 1695 706 1722 K.
731 1695 813 1723 Prisc.
831 1704 856 1730 p.
873 1695 930 1724 283.
945 1696 995 1724 262
1010 1695 1043 1724 Η.

291 1739 315 1768 ·)
332 1736 372 1762 Cf.
389 1735 484 1762 Charis
500 1744 525 1769 p.
543 1736 590 1762 124
607 1736 640 1767 K.
658 1744 678 1762 s.
695 1743 720 1762 v.
737 1736 880 1768 „celebrs“.

291 1777 316 1809 ι)
334 1775 374 1802 ct.
393 1774 511 1802 Diomed.
528 1782 554 1809 p.
569 1776 619 1802 322
635 1774 679 1801 IL:
697 1775 781 1808 „Sunt
797 1775 862 1802 item
879 1775 989 1810 propria
1005 1778 1033 1802 et
1049 1774 1232 1811 appellativa“
1249 1783 1271 1802 c.
1289 1781 1313 1808 q.
1330 1781 1351 1801 s.

291 1818 315 1851 ⁸)
332 1817 372 1844 Dc
388 1816 439 1844 hac
455 1815 537 1843 Plinii
553 1815 676 1843 doctrina
691 1816 786 1844 nslius
799 1815 987 1850 judicaremus.
1009 1816 1033 1844 si
1050 1815 1147 1845 clarius
1163 1816 1272 1852 regulas
1288 1816 1321 1844 ab
1339 1823 1369 1843 eo
1385 1813 1418 1843 de
1435 1813 1478 1843 111
1502 1814 1688 1844 declinationis
1705 1815 1824 1845 ablativo
1841 1815 1933 1853 singu-

193 1858 244 1884 lari
260 1857 338 1884 datas
354 1859 495 1890 perspecta
511 1857 677 1884 haberemus:
693 1857 727 1884 de
749 1857 843 1890 quibus
865 1858 946 1884 etiam
963 1860 1026 1891 post
1036 1857 1204 1885 Brambachii
1221 1859 1247 1890 (l.
1265 1857 1282 1885 l.
1299 1865 1324 1891 p.
1341 1858 1390 1884 158
1405 1861 1471 1890 sqq.)
1488 1865 1566 1885 curas
1583 1859 1757 1886 cummaxime
1773 1860 1932 1887 laboramus.

192 1897 302 1925 Aditum
317 1904 381 1924 vero
398 1896 433 1923 ad
450 1896 521 1923 hnc>
535 1897 719 1929 qaaestionem
735 1903 830 1930 parare
846 1897 952 1928 licebit.
974 1897 1002 1923 ni
1018 1897 1103 1928 fallor,
1127 1898 1162 1924 iis
1179 1905 1248 1931 quae
1264 1897 1333 1930 apud
1350 1897 1508 1930 Dionysium
1525 1897 1655 1924 Thracem
1676 1900 1702 1929 (fi
1720 1900 1762 1931 13)
1779 1900 1933 1927 Diomedem

190 1940 228 1970 tp.
243 1937 292 1965 3⁴22
308 1944 365 1970 sqq.
382 1937 435 1969 L).
452 1937 586 1964 Donatum
602 1939 639 1971 (p.
652 1937 701 1964 373
717 1937 760 1969 K.)
777 1937 905 1970 leguntur
921 1937 1079 1970 diligentius
1095 1937 1247 1970 pensitatis.
1278 1937 1410 1970 Equidem
1427 1937 1545 1964 Plinium
1566 1938 1677 1971 regulas
1698 1939 1740 1965 ita
1755 1939 1934 1966 conformasse

192 1978 347 2009 censuerim,
363 1980 395 2004 ut
405 1977 535 2005 alteraex
546 1980 623 2011 parte
634 1977 765 2005 uomina
780 1977 916 2015 propria
927 1977 1039 2010 (cuuis.
1049 1978 1208 2012 ι).124.127.
1221 1979 1275 2005 130.
1288 1979 1341 2005 136.
1355 1979 1409 2005 138.
1422 1978 1477 2004 142.
1489 1978 1544 2005 144.
1556 1978 1603 2005 146
1615 1977 1666 2011 K),
1684 1979 1932 2012 appellationes

188 2018 386 2050 1.,eemmune“:
409 2016 510 2044 Charis.
532 2024 557 2050 p.
575 2017 631 2044 121.
648 2017 703 2044 124.
720 2018 768 2045 130
783 2017 817 2044 K.
839 2027 870 2042 =
893 2015 1097 2050 „communita-‘⁴
1119 2017 1189 2051 apud
1211 2017 1331 2044 Diomed.
1354 2018 1416 2051 1.1.;
1439 2018 1646 2051 ..generaliter‘z
1668 2019 1770 2046 Charis.
1792 2028 1818 2053 p.
1836 2022 1882 2047 130
1899 2022 1932 2047 K.

192 2057 350 2089 „generale”
366 2066 398 2081 =
414 2057 610 2090 ..gener-litei*
627 2057 697 2091 apud
708 2057 817 2084 Diomed
833 2058 851 2085 l.
868 2057 1100 2091 l.;>„negotium“:
1117 2057 1218 2084 Charis.
1236 2066 1261 2091 p.
1279 2058 1333 2084 124.
1351 2059 1404 2085 130.
1418 2059 1464 2084 146
1476 2058 1509 2084 Κ.
1525 2066 1557 2083 =
1573 2061 1720 2093 „rupinum
1736 2061 1808 2092 apud
1824 2060 1931 2093 Dionys.

190 2097 208 2123 l.
225 2096 265 2128 l).
287 2096 455 2123 voeabula
471 2098 573 2124 Charis.
595 2105 620 2131 p.
637 2099 685 2125 124
701 2097 733 2124 Κ.
756 2099 855 2130 („res“:
872 2097 976 2125 Charis.
996 2105 1021 2131 p.
1038 2098 1093 2124 lm.
1115 2098 1163 2124 124
1180 2097 1212 2125 Κ.
1234 2102 1264 2124 et
1285 2098 1392 2131 saepius
1409 2108 1440 2122 =
1456 2105 1516 2129 „res
1535 2098 1709 2125 inanimale-u
1729 2100 1799 2133 apud
1815 2100 1932 2126 Diomed.

191 2144 216 2169 p.
233 2136 333 2166 32οΚ.,
350 2136 384 2162 ef.
402 2136 505 2163 Charis.
522 2145 547 2170 p.
565 2139 612 2164 lm
628 2138 673 2164 K:
690 2138 851 2170 ,.animali“),
867 2138 955 2164 altera
971 2141 1092 2171 exparte
1109 2145 1187 2164 voces
1199 2146 1267 2171 quae
1284 2139 1427 2165 similem
1444 2141 1475 2164 et
1486 2146 1554 2170 quae
1570 2139 1768 2166 dissimilem
1780 2140 1931 2166 nomina-

191 2176 263 2204 tivo
280 2176 378 2203 liabent
393 2178 586 2209 genetivus·
599 2177 778 2211 distingueret
794 2178 869 2211 (ibida
880 2186 905 2213 pt
917 2179 966 2206 120
975 2177 1029 2210 Κ).
1045 2179 1203 2210 ,,Κανὸνας“
1219 2178 1259 2206 sic
1269 2177 1412 2211 ordinatos,
1429 2178 1453 2205 si
1470 2178 1534 2212 quid
1551 2178 1636 2210 video,
1653 2179 1723 2207 ister
1734 2179 1845 2212 „dubia”
1863 2187 1931 2210 „non

193 2216 289 2244 dubia¹⁴
307 2220 335 2243 et
351 2215 466 2248 ,similia
482 2216 586 2245 dubiis“
603 2218 750 2246 distribuit.
1361 2223 1363 2225 ’

290 2259 316 2289 ·)
333 2257 373 2283 De
388 2256 420 2282 (³.
431 2256 457 2283 J.
469 2257 544 2283 Gaea.
561 2265 672 2290 gramm.
690 2267 714 2292 p.
733 2259 772 2285 10.
788 2258 822 2285 ct
839 2258 924 2285 Varro
941 2259 965 2285 d.
983 2259 1000 2286 1.
1019 2259 1035 2285 l.
1054 2259 1116 2286 vn.
1133 2267 1158 2293 p.
1177 2260 1225 2286 110
1241 2259 1331 2292 (Bip.).

293 2297 317 2328 ¹¹)
335 2295 377 2324 Of.
394 2296 478 2330 praef.
494 2296 526 2322 N.
543 2297 576 2323 Β.
593 2300 608 2329 1
626 2300 669 2325 16:
692 2299 839 2331 „Equidem
857 2299 898 2326 ita
915 2300 1011 2331 sentio,
1028 2299 1191 2332 peculiarem
1209 2300 1236 2327 iu
1248 2301 1345 2326 studiis
1362 2306 1467 2326 causam
1485 2308 1573 2327 cerum
1591 2308 1649 2327 esse
1665 2302 1710 2334 qui
1728 2301 1933 2329 difficultatibus

192 2338 273 2371 victis
289 2337 439 2365 utilitatem
453 2337 563 2371 juvendi
580 2338 759 2371 praetulerint
777 2339 884 2373 gratiae
901 2340 1023 2373 placendi
1041 2341 1118 2373 idque
1134 2340 1189 2374 Jam
1207 2344 1235 2368 et
1252 2341 1278 2367 in
1296 2341 1357 2368 aliis
1374 2341 1402 2373 (i.
1414 2348 1436 2367 e.
1448 2342 1640 2374 grammaticis)
1658 2342 1783 2376 operibus
1801 2342 1858 2376 ipse
1872 2343 1934 2371 feci.
