2160 2697
1019 151 1045 186 ‘2

161 251 199 282 de
220 255 284 282 arte
305 253 503 291 grammatica
525 251 623 282 editos
644 261 664 282 a
684 251 823 283 liberiore
844 256 875 283 et
895 254 1037 284 erectiore
1062 252 1228 284 studiorum
1251 253 1367 282 ratione
1388 252 1504 283 alienos
1524 253 1647 284 duxisse
1667 253 1816 284 novimus.
1871 255 1909 284 At

154 309 192 330 ne
214 309 332 330 omnem
354 300 503 331 eiusmodi
526 299 694 330 studiorum
716 300 864 330 rationem
886 300 1041 340 indignam
1062 305 1203 341 putemus
1224 299 1298 330 viris
1320 309 1439 330 summo
1466 300 1580 339 ingenii
1604 301 1743 331 acumine
1762 300 1906 340 pmditis

154 351 276 379 monent
297 347 465 379 clarissima
486 347 627 388 exempla
647 348 733 389 Appii
755 347 911 387 Claudii*)
940 349 974 387 Q.
997 348 1087 380 Ennii
1107 349 1142 380 G.
1163 346 1271 379 Lucilii
1292 346 1332 378 M.
1354 347 1485 378 Terentii
1507 346 1659 387 Varronis,
1685 351 1788 380 monet
1807 347 1922 389 splen-·

155 395 342 426 didissimum
368 406 476 427 nomen
504 396 538 427 G.
561 396 709 427 Caesaris.
757 397 902 428 Nimirum
924 397 1002 436 quod
1030 397 1073 428 illi
1100 398 1284 437 poeticarum
1306 396 1476 427 deliciarum
1503 396 1603 436 cupidi
1629 397 1746 435 docent,
1773 397 1907 437 jejunam

155 453 222 474 esse
250 454 316 474 eam
337 443 527 484 disciplinam
550 448 582 475 et
602 445 641 476 ab
664 445 847 485 elegantiore
867 443 1004 475 doctrina
1024 446 1266 482 remotissimam,
1287 444 1316 475 id
1339 443 1413 475 milii
1434 443 1522 483 longe
1543 454 1630 475 secus
1651 444 1781 476 videtur.
1809 444 1909 483 Quid?

155 491 233 531 quod
261 491 444 523 doctissimis
469 492 544 523 viris
570 503 688 523 summo
716 492 817 523 studio
838 502 1014 532 summaque
1035 502 1107 523 cura
1128 492 1251 531 dignum
1274 493 1373 522 visum
1394 496 1441 523 est
1455 492 1565 523 artium
1586 491 1812 532 litterarumque
1830 497 1906 524 tam-

155 548 244 578 quam
266 539 450 570 incunabula
468 541 624 580 respicere,
646 551 698 581 per
717 550 793 579 quas
814 538 1000 579 intelligendi
1022 541 1089 570 vias
1110 543 1165 570 aut
1185 539 1336 579 cogitandi
1358 540 1503 580 ambages
1524 550 1543 570 a
1557 541 1652 580 primo
1667 539 1751 570 fonte
1771 540 1810 571 ad
1825 550 1906 571 sum-

155 596 237 616 mum
264 591 387 618 evectae
415 589 477 618 sint
497 588 667 628 fastigium,
696 588 866 627 exquirere,
893 597 970 627 quae
992 588 1055 626 jam
1082 586 1206 617 adultae
1233 587 1387 626 praeclara
1419 597 1509 627 opera
1535 587 1708 628 liberalique
1741 597 1812 619 cura
1839 588 1908 620 illu-⁴

154 637 302 672 strantur,
333 635 418 673 leges
440 636 558 666 oinnem
585 635 721 676 linguam
749 638 900 675 regentes,
928 644 1122 675 quaecuuque
1143 635 1292 674 pertinent
1314 634 1353 665 ad
1374 635 1520 674 originem
1541 638 1574 666 et
1593 635 1719 666 formam
1741 636 1907 667 immensae

154 681 357 713 multitudinis
378 693 487 714 vocum
507 683 724 723 verborumque
750 693 769 713 a
792 683 984 722 paucissimis
1010 682 1160 713 radicibus
1186 693 1239 723 per
1260 686 1357 713 certas
1384 682 1584 722 definitasque
1611 682 1749 714 flectendi
1778 684 1906 724 augendi

155 729 397 770 producendique
424 730 544 770 regulas
570 731 711 771 yiamque
739 732 770 761 in
800 730 941 761 omnibus
969 730 1154 771 aequabilem
1175 730 1369 772 perscrutari,
1396 730 1550 770 singulos,
1578 732 1608 762 in
1637 742 1711 772 quos
1731 731 1792 763 late
1812 732 1906 763 laete-

156 787 214 817 que
235 787 425 809 succrescens
453 777 527 809 haec
554 779 644 810 arbor
670 789 703 809 se
731 778 885 816 diffundit,
914 788 1015 809 ramos
1039 783 1070 809 et
1090 779 1163 810 folia
1182 788 1365 819 percurrere,
1395 777 1546 817 quomodo
1571 783 1602 810 et
1622 779 1663 810 illi
1686 784 1718 811 et
1744 779 1817 812 haec
1838 791 1905 812 cum

154 829 261 857 trunco
283 825 480 866 cohaereant,
508 826 580 867 quid
600 831 743 866 naturae,
772 826 844 867 quid
866 827 896 857 in
924 826 1114 858 elaborandis
1141 826 1253 867 linguis
1278 826 1430 857 humanae
1455 825 1607 858 sollertiae
1632 827 1732 858 deberi
1759 828 1906 869 videatur,

155 874 322 905 enucleare.
378 876 476 915 Atque
502 876 656 916 egregium
686 886 759 906 sane
784 875 923 906 omnibus
957 874 1121 916 disciplinis
1150 875 1314 906 accessisse
1341 874 1565 914 adjumentum,
1597 879 1756 916 postquam
1789 876 1907 918 lingua-

155 931 222 951 rum
249 923 384 962 artisque
411 924 626 962 grammaticae
652 923 778 954 historia
804 923 973 953 accuratius
1003 924 1111 954 fuisset
1135 926 1333 962 pertractata,
1366 931 1453 953 nemo
1483 922 1585 954 forsan
1614 923 1809 957 dubitaverit.
1855 927 1908 957 Ri-

156 968 227 999 deat
257 970 351 1010 igitur
376 969 452 1001 haec
470 970 574 1002 studia
604 970 683 1001 alius
710 974 741 1001 et
772 971 804 1001 in
832 970 1010 1001 tenuissima
1044 969 1179 1001 doctrina
1207 970 1358 1001 versantis
1386 968 1467 1000 dicat
1493 969 1788 1003 observatiunculas:
1824 975 1906 1013 equi·

156 1017 223 1047 dem
245 1017 465 1057 Democritum,
491 1018 563 1049 dum
585 1019 781 1049 tenuissimas
800 1018 893 1048 fibras
913 1021 1112 1057 scrutaretur,
1140 1028 1230 1049 suum
1250 1017 1402 1050 Abderitis
1428 1027 1554 1049 acumen
1574 1018 1721 1050 invidisse
1742 1018 1822 1052 haud
1844 1023 1907 1052 exi-

156 1065 256 1095 stimo.

254 1112 323 1144 Jam
349 1114 375 1144 si
398 1114 449 1154 qui
471 1117 501 1144 et
521 1112 674 1144 doctrinae
695 1114 810 1153 copiam
832 1120 863 1144 et
883 1116 1036 1153 comptum
1056 1113 1174 1144 dicendi
1195 1123 1292 1153 genus
1306 1111 1514 1151 desiderarint,
1535 1112 1609 1144 mihi
1625 1117 1660 1145 ut
1675 1116 1807 1154 veniam,
1829 1127 1906 1157 quae

157 1164 221 1193 tum
242 1165 345 1192 tantae
367 1162 509 1203 temporis
529 1161 790 1202 subsidiorumque
804 1161 1005 1193 litteratorum
1026 1161 1229 1202 parsimoniae
1249 1164 1315 1192 tum
1336 1161 1418 1191 omni
1440 1160 1511 1192 huic
1523 1160 1692 1193 litterarum
1712 1165 1814 1203 generi
1835 1174 1906 1196 con·

142 1203 222 1239 'cedi
241 1209 328 1248 solet,
349 1210 514 1241 concedant
535 1220 588 1241 eos
609 1213 733 1250 rogatos
751 1209 853 1241 velim.
888 1209 987 1248 Quare
1008 1211 1067 1241 etsi
1088 1220 1148 1241 non
1169 1210 1325 1251 quaesitas
1345 1219 1414 1240 esse
1433 1210 1647 1241 amoenitatem
1668 1214 1700 1242 et
1718 1213 1907 1253 varietatem,

154 1256 301 1288 lectorum
321 1257 480 1297 lenocinia,
500 1258 593 1299 probe
613 1258 774 1298 intelliges,
801 1262 865 1289 tam
886 1268 974 1298 spero
994 1257 1068 1297 fore,
1096 1262 1130 1288 nt
1151 1257 1284 1289 taedium
1306 1267 1343 1288 ex
1363 1256 1446 1288 hisce
1466 1257 1604 1289 minutiis
1623 1258 1769 1291 lectorum
1789 1261 1821 1291 in
1841 1263 1908 1292 ani-

155 1306 215 1335 mis
242 1309 375 1337 creatum
404 1306 625 1345 quodammodo
654 1306 862 1337 submovcam.
907 1306 953 1337 De
973 1306 1072 1337 Plinio
1093 1316 1274 1346 quamquam
1303 1306 1361 1336 viri
1386 1305 1466 1336 docti
1493 1304 1580 1337 multi
1608 1306 1705 1339 multa
1731 1308 1906 1349 disputave-

155 1355 236 1392 runt,
258 1363 346 1385 nemo
368 1357 473 1385 tamen
494 1354 619 1393 exstitit,
641 1355 693 1394 qui
714 1353 847 1385 collectis
867 1353 999 1394 undique
1025 1357 1161 1385 veterum
1183 1354 1361 1394 scriptorum
1388 1353 1426 1383 de
1447 1356 1550 1384 nostro
1579 1355 1761 1387 testimoniis
1781 1358 1906 1396 ejusque

156 1398 292 1440 reliquiis
313 1402 345 1432 in
366 1411 460 1432 unum
482 1411 590 1442 corpus
610 1402 777 1442 conjunctis
804 1402 1010 1441 curiosiusque
1031 1402 1220 1442 pertractatis
1238 1402 1354 1440 justam
1382 1402 1569 1440 grammatici
1597 1402 1776 1434 nobilissimi
1797 1405 1905 1445 imagi-

156 1457 226 1479 nem
253 1448 455 1480 adumbraret.
494 1449 599 1490 ltaque
624 1450 842 1481 constitueram
867 1449 924 1480 hac
950 1448 1158 1490 prooemiandi
1184 1449 1342 1480 occasione
1369 1448 1442 1479 data
1466 1448 1502 1479 de
1530 1450 1673 1481 universa
1698 1449 1904 1483 Plinianorum

155 1495 327 1527 studiorum
347 1498 465 1528 ratione
485 1497 712 1529 observationes
732 1506 816 1528 meas
836 1497 997 1528 annalibus
1018 1497 1066 1528 his
1087 1496 1277 1528 scholasticis
1297 1496 1472 1537 praefigere.
1503 1497 1601 1534 Quum
1622 1501 1723 1530 autem
1745 1504 1904 1539 crescente,

155 1547 190 1575 ut
208 1544 253 1583 fit,
275 1545 332 1576 sub
352 1545 494 1576 manibus
521 1545 591 1576 dum
619 1545 792 1577 elaboratur
819 1546 962 1583 materia,
983 1545 1167 1585 disputatio,
1190 1554 1281 1584 qnam
1308 1543 1436 1584 exempli
1465 1553 1557 1575 causa
1575 1546 1760 1586 propositam
1785 1547 1905 1580 brevem

154 1592 218 1623 sore
239 1603 449 1634 speraveram,
476 1595 589 1625 sensim
610 1594 764 1634 sensimqe
784 1594 815 1624 in
842 1594 993 1634 integrum
1018 1593 1128 1624 librum
1154 1594 1264 1630 exiret,
1293 1592 1392 1632 operis
1417 1595 1534 1632 partem
1559 1592 1722 1632 quandam'
1736 1593 1905 1635 eligendam

154 1642 338 1681 existimavi,
360 1653 449 1683 quam
470 1643 603 1673 virorum
629 1642 785 1673 doctorum
802 1641 916 1681 judicio
936 1641 1099 1672 traderem:
1127 1651 1186 1681 quo
1208 1640 1323 1671 factum
1351 1644 1398 1671 est
1423 1644 1456 1671 ut
1476 1649 1553 1680 quae
1580 1640 1679 1672 fusius
1699 1641 1853 1683 aliquanto
1874 1649 1905 1675 et

154 1688 193 1718 ad
221 1693 334 1720 certum
356 1691 398 1720 rei
414 1691 497 1730 juste
517 1690 684 1730 dispositae
705 1689 841 1720 ordinem
863 1688 1008 1720 aden-icta
1028 1698 1177 1729 exponere
1197 1689 1229 1719 in
1255 1689 1357 1719 animo
1377 1687 1543 1726 habebam,
1574 1692 1690 1720 mutato
1713 1690 1778 1729 jam
1807 1693 1904 1722 consi-

154 1735 196 1765 lio
218 1737 397 1768 arctioribus
417 1737 530 1768 finibus
550 1747 605 1777 pro
626 1738 770 1777 temporis
792 1737 890 1777 spatio
912 1735 1062 1776 hujusque
1087 1735 1180 1767 libelli
1206 1736 1323 1767 ratione
1344 1735 1612 1767 circumscribenda
1632 1741 1743 1768 essent·
1787 1738 1854 1776 Qua
1875 1741 1905 1770 in

155 1793 187 1814 re
208 1793 246 1815 ne
261 1783 318 1816 hoc
339 1784 537 1826 disputationi
559 1784 739 1816 detrimento
760 1785 801 1816 sit
820 1794 934 1823 vereor,
956 1783 1035 1825 quod
1056 1793 1117 1814 non
1131 1784 1251 1825 integra
1271 1785 1313 1814 sit
1332 1793 1428 1824 neque
1443 1783 1582 1814 omnibus
1602 1785 1736 1815 numeris
1755 1785 1904 1824 absoluta,

155 1831 209 1862 sed
230 1834 326 1875 partis
347 1843 420 1873 prae
441 1843 475 1863 se
496 1833 574 1864 ferat
593 1833 772 1864 tenuitatem
794 1836 884 1872 atque
905 1832 1102 1864 conditiones.

251 1880 320 1911 Jam
337 1885 484 1922 quantum
499 1880 558 1912 hae
572 1881 765 1921 quaestiones
779 1880 939 1912 habuerint
956 1880 1143 1912 difficultatis
1157 1890 1192 1911 ac
1205 1879 1329 1918 laboris,
1344 1879 1388 1910 illi
1403 1879 1510 1919 utique
1524 1878 1737 1919 intellexerint,
1759 1883 1809 1921 qui
1823 1883 1905 1922 ipsas

154 1937 214 1958 non
228 1930 349 1968 raptim,
369 1929 422 1960 sed
444 1932 560 1960 attente
574 1927 686 1969 legent,
707 1938 763 1959 nec
783 1928 888 1969 quales
902 1932 973 1970 post
992 1933 1127 1970 apertam
1149 1928 1188 1959 ad
1208 1937 1331 1959 sensum
1345 1928 1428 1958 viam
1448 1926 1619 1966 videantur,
1644 1927 1699 1958 sed
1713 1928 1820 1968 quales
1840 1930 1905 1960 fue-

154 1977 216 2007 rint
233 1976 305 2007 dum
327 1988 363 2009 ea
378 1976 583 2017 delitescebat,
605 1976 765 2018 diligenter
784 1976 961 2018 expendent.
980 1977 1103 2009 Accedit
1122 1986 1205 2017 vero,
1227 1976 1307 2018 quod
1327 1986 1365 2008 ex
1379 1975 1438 2016 his,
1459 1984 1537 2016 quae
1555 1984 1575 2006 a
1588 1974 1778 2007 nobilissimo
1793 1976 1904 2023 doctis-

153 2026 290 2065 simoque
311 2027 508 2066 grammatico
529 2026 644 2066 scripta
662 2028 745 2064 sunt,
766 2035 863 2066 pauca
883 2035 977 2067 eaque
991 2026 1139 2066 dissipata
1158 2030 1191 2058 et
1203 2026 1339 2067 dispersa
1359 2025 1398 2057 ad
1419 2035 1476 2056 nos
1495 2028 1704 2065 pervenerunt.
1737 2024 1820 2063 Quae
1833 2036 1904 2067 ergo

152 2082 214 2102 uno
235 2072 342 2104 obtutu
362 2073 527 2115 spectanda
546 2074 646 2105 fuerat
667 2074 762 2105 totius
782 2075 882 2114 operis
902 2076 1134 2114 coagmentatio,
1155 2085 1192 2106 ex
1212 2076 1332 2115 istaque
1352 2073 1561 2113 conjunctione
1575 2082 1730 2113 emergens
1752 2084 1787 2104 ac
1807 2077 1903 2106 mani-

152 2120 231 2151 festo
253 2121 502 2162 deprehendenda
522 2123 600 2153 ratio
621 2126 652 2153 et
672 2121 845 2162 disciplina,
873 2132 908 2154 eo
929 2122 1020 2154 modo
1041 2122 1130 2163 plane
1152 2125 1352 2161 evanescunt,
1379 2122 1452 2163 quia
1471 2120 1592 2162 singula
1611 2121 1748 2152 membra
1775 2123 1807 2152 in
1836 2133 1904 2163 par-

152 2170 199 2198 tes
226 2168 363 2201 diversas
383 2170 509 2211 locaque
529 2169 638 2202 dissita
659 2169 879 2210 disperguntur,
900 2170 1029 2202 divulsis
1049 2174 1152 2202 autem
1177 2170 1279 2202 nullus
1305 2169 1436 2211 amplius
1462 2173 1599 2210 superest
1630 2170 1720 2200 unius
1748 2173 1904 2210 certaeque

152 2216 280 2247 rationis
304 2219 428 2258 species.
480 2217 546 2249 Hoc
566 2221 668 2249 autem
689 2219 821 2250 maxime
847 2217 1010 2250 dolendum
1037 2223 1101 2258 est,
1129 2218 1207 2259 quod
1236 2228 1274 2249 ne
1298 2217 1397 2248 frusta
1425 2217 1544 2257 quidem
1566 2216 1723 2248 Plinianae
1752 2217 1903 2249 doctrinae

207 2321 232 2352 ἦ
249 2320 408 2355 Pomponius
426 2323 491 2353 Leg.
509 2322 531 2355 1,
547 2323 571 2349 2.
589 2322 603 2352 ἐ
620 2323 659 2349 36.
