2160 2697
1053 193 1080 228 6

186 296 255 326 hinc
276 297 376 326 essent
397 294 541 334 profecta,
563 293 642 334 quod
663 304 738 325 usus
759 293 904 335 loquendi
925 296 1134 337 scribendique
1155 295 1231 327 satis
1251 296 1427 327 inconstans
1448 298 1480 327 et
1499 296 1603 328 varius
1631 300 1728 329 certas
1747 307 1869 330 normas
1890 307 1937 330 re·

186 342 330 383 gulasque
351 341 543 373 desiderabat
563 345 656 382 atque
676 341 878 382 efflagitabat,
899 344 1164 383 grammaticorum
1186 343 1264 375 alius
1284 342 1346 374 alia
1359 343 1477 374 invenit
1496 353 1533 374 ac
1553 346 1690 384 novavit,
1710 348 1745 377 nt
1764 338 1955 379 incon-un»

186 392 246 422 tiae
265 390 356 421 finem
376 389 518 421 facerent.
547 389 657 421 Verum
678 389 889 422 tantummodo
908 399 1005 432 panos
1025 393 1090 422 tum
1110 390 1312 423 litteratorum
1332 394 1397 423 tum
1418 391 1632 432 imperatorum
1652 393 1778 425 inventa
1795 397 1936 434 perman·

184 442 297 475 serunt,
319 448 412 477 quum
433 448 471 469 ne
492 437 621 470 Caesare
641 438 763 479 quidem
784 443 909 480 excepto
931 449 968 470 ea
981 439 1172 479 potissimum
1194 440 1373 471 auctoritate
1394 439 1623 479 sustinerentur,
1645 450 1737 481 qnam
1757 441 1866 473 studiis
1886 452 1936 474 ar·

185 487 261 517 tium
283 490 314 517 et
334 486 472 517 doctrina
494 486 552 517 sibi
574 487 802 526 constituerant,
828 486 882 518 sed
901 488 953 518 vix
975 486 1104 527 singulis
1124 487 1200 518 viris
1225 488 1377 528 gravitate
1402 486 1583 528 pollentibus
1604 487 1741 529 contigit,
1766 492 1802 521 ut
1827 491 1854 522 si
1875 499 1936 531 qna

184 534 339 567 novabunt
361 544 399 565 ea
418 544 501 565 more
522 540 643 576 recepta
671 536 934 566 inveterascerent.
975 533 1075 573 Quid?
1104 534 1185 574 quod
1210 545 1249 566 ne
1270 536 1427 576 Augustea
1446 534 1566 576 quidem
1592 538 1693 567 aetate
1713 535 1819 577 lingua
1838 537 1936 570 latina

183 581 222 612 ad
242 591 392 614 summam
413 582 627 622 perfectionem
648 582 790 623 perducta
811 582 888 613 mira
907 581 961 613 illa
980 583 1186 614 inconstantia
1200 593 1218 613 e
1232 583 1333 614 medio
1349 586 1397 614 est
1417 582 1547 614 sublata.
1575 585 1617 615 Ac
1636 580 1768 624 profecto
1782 585 1808 616 si
1830 595 1935 617 omnes

182 629 248 668 puri
269 631 416 660 sermonis
439 630 568 661 studiosi
589 630 694 661 eadem
715 630 864 670 propositi
885 630 1058 661 constantia
1079 639 1140 670 qna
1160 630 1195 661 G.
1215 629 1316 661 Julius
1345 630 1456 660 Caesar
1475 639 1567 661 vooes
1586 631 1688 663 varias
1709 631 1875 672 dubiasque
1894 632 1934 663 sd

178 676 341 716 analogiae
369 679 516 708 rationem
547 681 753 715 revocassent,
783 677 869 708 brevi
895 681 1029 720 tempore
1056 681 1155 708 certae
1182 687 1306 708 normae
1338 687 1375 708 ac
1402 678 1534 708 virorum
1563 678 1745 711 eruditorum
1774 681 1933 711 consensui

182 724 315 764 palmam
334 724 430 755 fuisse
451 725 671 755 concedendam
693 726 761 764 quis
782 729 829 756 est
849 726 900 765 qui
921 729 1029 765 neget?
1060 726 1170 756 Verum
1191 726 1344 756 enimvero
1366 728 1485 756 tantum
1499 724 1606 765 abfuit,
1629 731 1663 758 nt
1676 727 1734 758 viri
1756 728 1933 759 auctoritate

186 776 217 804 et
237 773 389 813 gravitate
409 772 568 813 pollentes,
590 774 621 803 in
642 773 751 813 quibus
771 774 886 813 primus
907 776 955 804 est
972 772 1174 804 nominandus
1188 772 1289 804 Cicero
1301 772 1340 813 ¹),
1361 772 1493 803 sermoni
1513 774 1603 804 certis
1617 774 1827 815 distinctisque
1846 785 1933 815 regu-

186 820 227 852 lis
247 821 516 852 circumscribendo
538 831 659 861 operam
682 821 799 860 darent,
820 824 856 852 ut
876 821 1084 852 consuetudini
1106 821 1259 852 communi
1280 824 1311 851 et
1331 821 1448 852 aurium
1461 822 1607 853 suavitati
1620 823 1722 854 omnia
1741 823 1804 854 fere
1823 822 1935 854 tribue-

183 872 261 899 rent.
302 869 410 908 Itaque
434 868 501 899 fieri
527 879 589 900 non
617 871 730 910 potuit,
757 870 829 909 quin
855 869 1035 900 auctoritate
1062 868 1321 900 nobilissimorum
1349 870 1612 909 grammaticorum
1639 871 1782 911 temporis
1807 871 1934 903 decursu

186 916 346 957 paullatim
368 916 527 948 debilitata
548 921 577 949 et
599 917 796 958 scriptoribus
824 920 889 948 tum
910 917 1061 957 gravitate
1082 920 1146 948 tum
1167 920 1320 948 vetustate
1341 920 1405 948 tum
1432 917 1568 948 novitate
1594 917 1747 958 insignitis
1771 919 1829 950 sibi
1855 920 1934 951 invi-

184 975 249 995 cem
270 965 511 1005 repugnantibus
531 967 626 997 nimia
646 965 849 1006 inaequalitas
869 966 1064 996 revivisceret
1085 968 1115 996 et
1135 964 1237 995 studia
1256 964 1318 1003 illa,
1340 965 1377 996 de
1397 965 1505 1006 quibus
1524 964 1663 1005 diximus,
1684 965 1723 997 ad
1737 966 1864 998 stabiles
1884 967 1935 998 fir-

185 1022 313 1052 masque
339 1012 463 1053 linguae
492 1013 576 1053 leges
605 1013 833 1044 constituendas
857 1012 933 1044 nihil
960 1013 1080 1043 omnino
1105 1012 1279 1043 viderentur
1306 1012 1451 1044 valuisse.
1491 1013 1559 1044 Jam
1580 1023 1672 1053 quum
1700 1013 1816 1045 Plinius
1843 1014 1935 1053 hasce

186 1060 381 1100 quaestiones
403 1061 578 1091 tractandas
601 1061 658 1091 sibi
680 1062 869 1101 sumpsisset,
890 1061 1023 1100 priorum
1045 1060 1311 1100 grammaticorum
1333 1061 1470 1101 inprimis
1490 1061 1627 1092 Caesaris
1643 1064 1674 1091 et
1685 1061 1828 1093 Varronis
1847 1072 1934 1103 prae-

182 1111 269 1148 cepta
289 1118 359 1138 eum
380 1109 528 1139 curiosius
549 1108 712 1148 indagasse
733 1112 967 1139 consentaneum
988 1111 1044 1138 est.
1076 1107 1125 1139 Sic
1144 1107 1233 1138 facile
1255 1111 1302 1139 est
1323 1107 1488 1147 intellectu,
1510 1109 1562 1148 qui
1576 1109 1688 1139 factum
1709 1109 1759 1148 sit,
1781 1113 1816 1140 ut
1835 1111 1934 1141 varie-

182 1161 232 1187 tas
253 1159 284 1186 et
304 1157 517 1194 inconstantia,
539 1167 629 1196 quam
651 1157 682 1187 in
703 1156 965 1196 sagacissimorum
989 1159 1019 1186 et
1039 1155 1283 1187 doctissimorum
1303 1156 1438 1186 virorum
1459 1157 1625 1196 praeceptis
1646 1157 1755 1187 mirum
1776 1158 1808 1188 ni
1828 1156 1933 1198 depre-

183 1203 337 1241 henderat,
358 1204 476 1235 valeret
497 1204 535 1235 ad
556 1214 693 1235 summae
715 1208 779 1235 tum
801 1203 976 1244 diligentiae
991 1207 1056 1234 tum
1071 1203 1344 1243 circumspectionis
1358 1203 1389 1234 in
1404 1203 1632 1244 quaestionibus
1646 1204 1840 1236 instituendis
1853 1215 1934 1237 com-

182 1251 415 1283 mendationem.

278 1300 399 1331 Etenim
420 1310 513 1339 quum
534 1304 595 1331 tres
615 1302 695 1339 viae,
723 1309 799 1340 quas
820 1309 912 1340 supra
932 1299 1179 1340 significavimus,
1206 1299 1317 1330 fuerint
1338 1302 1461 1339 apertae
1485 1300 1704 1340 grammaticis,
1730 1300 1840 1343 quibus
1860 1301 1934 1332 insi-

182 1350 298 1378 stentes
318 1352 414 1378 artem
435 1347 475 1378 ad
496 1358 647 1379 summam
668 1348 882 1387 perfectionem
901 1348 1020 1387 possint
1040 1346 1211 1387 perducere,
1237 1357 1365 1387 quarum
1386 1348 1514 1387 primam
1535 1351 1780 1380 monstraverant
1800 1348 1933 1389 philoso-

182 1395 235 1436 phi
255 1395 369 1434 Graeci‚
391 1395 518 1427 alteram
540 1397 675 1436 poeticae
701 1395 870 1436 elegantiae
892 1395 1112 1426 existimatores
1132 1394 1254 1426 Graecis
1274 1394 1384 1426 litteris
1410 1395 1528 1434 imbuti,
1558 1396 1679 1427 tertiam
1700 1395 1829 1427 Romani
1851 1398 1933 1428 omni

182 1443 320 1474 doctrina
340 1445 565 1483 communisque
585 1454 660 1475 usus
681 1444 782 1475 studio
804 1444 955 1484 insigniti,
983 1453 1044 1483 qua
1062 1444 1252 1483 potissimum
1271 1452 1450 1483 progressus
1471 1444 1512 1475 sit
1533 1446 1636 1475 noster
1654 1443 1822 1476 videamus.
1864 1445 1933 1477 Jam

182 1493 218 1521 ut
237 1490 463 1521 vicissitudines
484 1493 748 1531 grammaticorum
770 1495 861 1531 atque
882 1491 1040 1521 interiores
1060 1490 1267 1521 Plinianorum
1288 1490 1456 1521 studiorum
1476 1492 1609 1522 rationes
1630 1491 1789 1531 diligenter
1808 1502 1932 1532 perpen-

182 1538 300 1577 damus,
322 1538 360 1570 ad
382 1549 451 1570 eum
475 1538 609 1570 ordinem
631 1549 687 1570 nos
709 1539 881 1577 referemus,
907 1548 965 1578 quo
987 1537 1120 1569 Plinium
1141 1538 1173 1568 in
1198 1541 1261 1569 nat.
1283 1538 1355 1568 hist.
1375 1538 1561 1578 praefatione
1587 1538 1625 1569 de
1651 1538 1760 1570 studiis
1786 1540 1850 1570 suis
1871 1539 1934 1571 dis-

181 1590 330 1617 serentem
353 1596 442 1617 usum
463 1597 530 1618 esse
551 1587 700 1625 videmus,
722 1597 781 1627 quo
803 1586 1002 1617 confidentius
1024 1587 1088 1626 ipso
1110 1586 1209 1617 Plinio
1230 1585 1306 1616 duce
1327 1595 1477 1625 quaenam
1496 1585 1567 1616 illae
1587 1586 1698 1617 fuerint
1719 1587 1862 1618 extricare
1884 1598 1932 1619 co-

181 1643 295 1664 nemur.
327 1634 369 1664 Ac
390 1638 470 1664 certo
493 1634 615 1673 quidem
635 1635 817 1675 gravissima
837 1634 947 1664 summi
968 1634 1025 1664 viri
1047 1643 1138 1673 opera
1157 1634 1274 1663 ratione
1295 1636 1326 1663 et
1351 1632 1475 1663 consilio
1497 1633 1717 1672 quodammodo
1732 1635 1811 1664 inter
1831 1644 1864 1665 se
1885 1645 1934 1666 co-

182 1681 318 1720 haerent,
338 1686 374 1714 ut
388 1682 617 1722 Schottmiill.²)
640 1681 911 1714 dissertatiunculis
932 1680 966 1721 (ἓ
981 1681 1029 1721 15,
1046 1681 1097 1722 16)
1119 1691 1136 1712 e
1156 1680 1344 1722 praefatione
1371 1684 1434 1712 nat.
1456 1680 1527 1712 hist.
1549 1679 1716 1721 desumptis
1737 1683 1933 1721 apertissime,

182 1737 241 1769 quo
263 1731 388 1761 consilio
410 1740 484 1761 usus
506 1731 555 1768 sit,
577 1730 776 1761 demonstran·
797 1731 955 1761 censuerit.
990 1730 1032 1760 Ut
1052 1729 1171 1760 facilius
1191 1730 1286 1768 primo
1308 1730 1413 1760 statim
1434 1729 1587 1769 adspectu,
1609 1729 1759 1769 quomodo
1780 1729 1854 1761 haec
1875 1732 1936 1762 sint

183 1778 356 1816 accipienda
377 1788 551 1818 cognoscas,
575 1788 636 1808 non
656 1779 755 1818 piguit
775 1778 869 1808 verba
890 1777 948 1807 huc
969 1777 1153 1808 describere:
1183 1776 1214 1818 [ἓ
1239 1777 1275 1807 13
1297 1780 1328 1807 et
1350 1775 1399 1817 14]
1427 1778 1484 1807 iter
1509 1781 1556 1807 est
1576 1786 1637 1808 non
1665 1777 1737 1807 trita
1763 1779 1935 1809 auctoribus

182 1827 234 1855 via
255 1836 309 1856 nec
324 1836 384 1865 qua
404 1827 587 1866 peregrinari
608 1827 728 1856 animus
750 1829 879 1865 expetat.
911 1825 1004 1856 Nemo
1026 1824 1105 1864 apud
1120 1834 1186 1863 nos,
1209 1826 1259 1865 qui
1275 1824 1352 1855 idem
1370 1825 1573 1864 temptaverit,
1594 1834 1682 1855 nemo
1696 1825 1776 1865 apud
1797 1825 1935 1865 Graecos,

182 1874 233 1913 qui
254 1884 333 1904 unus
354 1875 456 1904 omnia
477 1884 513 1904 ea
535 1875 718 1905 tractaverit.
760 1873 870 1913 Magna
890 1883 959 1913 pars
980 1872 1147 1903 studiorum
1169 1874 1368 1904 amoenitates
1389 1873 1579 1911 quaerimus;
1606 1882 1684 1912 quae
1711 1882 1784 1903 vero
1805 1877 1935 1905 tractata

182 1921 220 1950 ab
242 1921 312 1951 aliis
333 1922 474 1952 dicuntur
495 1923 661 1952 immensae
683 1921 870 1959 subtilitatis,
893 1921 1027 1951 obscuris
1049 1931 1146 1951 rerum
1168 1921 1300 1951 tenebris
1321 1924 1504 1960 premuntur.
1535 1920 1603 1951 Jam
1626 1921 1728 1952 omnia
1748 1922 1934 1961 attingenda,

181 1979 258 2008 quae
270 1969 374 2000 Graeci
384 1971 437 2009 τῆς
448 1970 728 2007 ἐγκυκλοπαιὸείας
740 1973 859 2006 vocant,
878 1972 1020 1999 ettamen
1036 1970 1140 2007 ignota
1158 1973 1211 1999 aut
1224 1970 1338 1998 incerta
1354 1969 1484 2008 ingeniis
1499 1968 1589 2006 facta,
1607 1968 1669 1999 alia
1685 1979 1756 2000 vero
1772 1969 1816 1999 ita
1833 1970 1934 2000 multis

180 2017 298 2056 prodita
317 2022 349 2049 ut
365 2019 396 2048 in
415 2018 570 2049 fastidium
589 2019 650 2048 sint
665 2017 804 2049 adducta.
834 2016 894 2048 Res
914 2016 1008 2047 ardua
1024 2017 1154 2047 vetustis
1170 2018 1337 2047 novitatem
1354 2016 1433 2055 dare,
1451 2017 1539 2047 novis
1556 2017 1775 2055 auctoritatem,
1793 2016 1935 2049 obsoletis

180 2067 317 2103 nitorem,
335 2066 470 2096 obscuris
488 2066 594 2103 lucem,
612 2066 756 2097 fastIditis
773 2067 910 2105 gratiam,
929 2065 1027 2095 dubiis
1037 2065 1137 2103 fidem,
1156 2065 1295 2095 omnibus
1306 2075 1377 2095 vero
1388 2068 1527 2095 namnam
1542 2069 1573 2096 et
1590 2069 1715 2096 naturae
1732 2074 1806 2095 suae
1824 2068 1934 2104 omnia,

181 2113 268 2143 nobis
282 2114 384 2152 itaque
396 2115 485 2144 etiam
499 2124 557 2144 non
572 2115 728 2151 assecutis,
741 2113 874 2144 voluisse
890 2113 1008 2143 abunde
1027 2112 1184 2153 pulchrum
1196 2118 1286 2152 atque
1299 2113 1491 2152 magnifieum
1510 2115 1585 2144 est“.
1617 2113 1662 2144 Ex
1674 2113 1784 2153 quibus
1803 2123 1847 2151 ea,
1859 2124 1936 2154 quae
1956 2152 1968 2159 —

180 2171 302 2200 prorsus
315 2162 352 2192 ab
365 2162 421 2192 hac
432 2162 607 2202 quaestione
618 2161 799 2193 removenda
811 2165 890 2199 sunt,
904 2163 1086 2199 omittamus,
1099 2160 1220 2200 reliquis
1238 2162 1267 2191 in
1280 2170 1368 2191 usum
1379 2164 1513 2191 nostrum
1530 2162 1682 2192 conversis
1693 2160 1789 2192 Plinio
1809 2161 1882 2192 duce
1897 2163 1935 2193 ad

281 2282 302 2307 ¹)
320 2281 360 2306 cf.
378 2281 483 2305 Orator.
503 2282 517 2309 ξ
537 2282 594 2307 157:
622 2282 791 2313 Scripserunt
809 2287 867 2306 esse
885 2280 975 2306 verius
993 2281 1086 2310 sentio,
1105 2280 1151 2305 sed
1170 2281 1354 2306 consuetudini
1373 2280 1481 2306 auribus
1499 2280 1650 2313 indulgenti
1669 2280 1783 2307 libenter
1801 2280 1936 2313 obsequor.

181 2322 195 2349 5
212 2321 270 2345 139:
289 2320 428 2353 Voluptati
447 2324 537 2346 antem
555 2321 659 2346 aurium
678 2321 834 2353 morigerari
853 2320 932 2346 debet
950 2320 1044 2346 oratio.
1069 2320 1136 2347 Gen.
1156 2320 1232 2346 XIII.
1252 2320 1289 2345 19.

279 2362 302 2391 ²)
322 2361 428 2386 Videsis
446 2360 614 2387 Schottmiill.
634 2361 648 2387 1.
667 2361 683 2386 l.
701 2368 726 2393 p.
744 2362 783 2386 44.
