2160 2697
1057 146 1084 181 '¹1

197 260 260 287 rem
271 251 453 292 propositam
473 249 660 281 accedamus,
687 248 751 280 Viis
762 250 894 290 priorum
903 249 1166 289 grammaticorum
1178 256 1268 288 opera
1277 248 1444 288 patefactis,
1460 258 1535 289 quas
1547 252 1608 280 tres
1619 248 1714 280 fuisse
1725 248 1815 280 modo
1828 248 1951 280 demon-

199 300 375 339 stravimus,
396 299 441 330 ita
460 299 608 330 institisse
621 297 753 330 Plinium
768 300 901 339 apparet,
922 299 957 328 ut
976 306 1068 337 quum
1089 294 1181 328 aliam
1198 296 1314 335 inisset,
1334 306 1371 327 ex
1392 295 1453 327 alis
1467 296 1608 328 decedere
1628 296 1723 328 nollet
1744 301 1777 328 et
1795 298 1903 328 tertiae
1916 307 1950 328 se

201 348 388 379 committere
407 356 468 378 uon
489 346 653 378 dubitaret:
674 348 778 388 itaque
798 347 880 376 viam
900 355 921 376 a
939 344 1040 376 Plinio
1061 345 1233 376 institutam
1259 355 1320 376 non
1347 345 1449 376 tritam
1477 345 1650 377 auctoribus
1678 349 1759 377 recte
1779 345 1837 376 dici
1858 355 1949 386 posse

201 396 271 436 quis
291 398 340 426 est
365 395 417 435 qui
443 397 493 426 eat
519 394 654 426 infitias?
695 393 864 426 Connexuit
889 392 934 422 sic
958 395 991 423 et
1017 393 1172 432 conjunxit
1199 392 1336 423 diversas
1362 393 1493 432 priorum
1522 394 1788 433 grammaticorum
1816 395 1950 425 rationes

201 444 343 483 viasque:
379 442 409 474 id
437 442 516 484 quod
542 443 693 475 neminem
719 445 791 473 ante
818 439 951 472 Plinium
977 439 1085 472 fecisse
1113 441 1189 472 satis
1216 439 1381 472 luculenter
1406 442 1514 480 poterit
1541 441 1675 480 ostendi,
1708 442 1735 472 si
1763 442 1847 472 viros
1875 443 1950 472 artis

202 492 417 531 grammaticae
437 491 590 523 studiosos
610 489 786 530 diligentius
806 489 1074 529 percensuerimus.
1111 489 1154 520 Ae
1174 499 1213 520 ne
1227 488 1370 520 Varronis
1385 488 1504 529 quidem
1526 489 1629 520 studia
1648 494 1711 520 tam
1732 489 1795 521 late
1814 491 1951 530 patuisse

202 549 295 580 quum
316 550 353 571 ex
373 540 438 580 ejus
458 538 553 577 libris,
574 538 627 579 qui
647 536 781 568 tulerunt
800 539 940 574 aetatem,
962 540 993 567 et
1013 546 1050 567 ex
1064 536 1285 577 deperditarum
1307 537 1484 577 fragmentis
1498 541 1561 568 tum
1583 548 1620 568 ex
1641 538 1723 568 omni
1743 537 1949 569 varronianae

201 589 311 620 aetatis
331 587 503 620 conditione
523 596 559 620 ac
580 587 694 617 ratione
715 584 813 617 elucet
830 587 886 617 aut
904 583 996 619 Probi
1016 602 1056 608 -
1077 584 1114 616 de
1142 595 1201 625 quo
1221 584 1336 623 videas,
1364 595 1442 625 quae
1468 595 1560 626 supra
1579 584 1778 617 disseruimus
1797 603 1838 608 —
1866 596 1948 617 com·

202 636 360 667 mentm-iis
385 639 505 666 tantum
532 634 623 664 tribui
650 643 739 673 posse
765 636 997 664 consentaneum
1024 636 1080 664 est.
1122 633 1243 664 Etenim
1270 643 1346 673 quae
1374 634 1412 663 de
1433 635 1514 664 omni
1540 634 1736 665 eruditissimi
1757 635 1949 674 grammatici

203 683 346 715 librorum
376 682 492 714 ratione
513 681 708 721 sagacissime
734 681 873 721 exposuit
892 680 1039 712 Heni-icus
1064 679 1182 712 Keilius
1201 681 1222 712 1.
1243 680 1274 720 1.,
1300 682 1357 712 etsi
1382 681 1457 711 mihi
1483 681 1603 721 quidem
1624 680 1847 713 verisimillima
1876 688 1948 713 sunt

201 731 279 768 visa,
300 734 401 762 tamen
421 739 482 761 non
503 730 612 760 mirum
633 730 664 760 ui
684 739 720 760 eo
734 732 879 769 spectant,
900 732 936 759 ut
954 728 1038 760 illum
1053 729 1172 769 placitis
1185 728 1431 769 philosophorum
1452 730 1483 759 in
1499 729 1597 759 medio
1617 729 1779 769 propositis
1799 730 1837 760 de
1857 729 1947 761 rebus

202 778 405 818 grumuds
426 777 613 818 quaesivisse
629 775 807 817 judicemus.
838 776 984 807 Nimirum
1006 780 1040 807 ut
1060 776 1148 816 quale
1161 777 1252 807 fuerit
1271 776 1429 807 eonsilium
1448 777 1538 807 unius
1552 775 1718 807 alteriusve
1737 778 1837 817 operis
1851 788 1947 818 quan·

202 829 311 867 tueque
330 824 465 856 ambitus
483 823 573 865 plane
593 824 802 865 percipiamus,
827 823 972 865 reliquiae
991 824 1080 856 uobis
1100 827 1241 855 servatae
1261 834 1375 864 eaeque
1394 824 1446 855 vix
1473 824 1609 864 integrae
1629 824 1674 854 ita
1695 833 1756 855 non
1783 824 1947 863 sufficiunt,

202 877 238 905 ut
257 873 355 905 multa
374 882 497 913 prorsus
517 872 696 904 divinationi
718 871 938 913 relinquantur:
960 872 991 903 id
1013 872 1093 913 quod
1113 881 1175 904 non
1195 871 1285 903 modo
1306 871 1346 903 ad
1365 871 1568 905 Romanorum
1590 871 1692 911 libros,
1718 872 1772 903 sed
1792 874 1886 904 etiam
1907 873 1947 905 ad

203 921 383 954 Graecorum
403 921 540 961 pei-unet.
573 920 642 952 Jam
663 930 735 951 vero
756 930 849 960 quum
869 920 974 951 Graeci
994 938 1034 943 —
1055 924 1200 960 quantum
1221 929 1258 950 ex
1279 919 1386 950 horum
1407 919 1561 951 doctrinae
1581 920 1694 959 frustis,
1716 930 1795 960 quae
1814 926 1947 953 aetatem

203 968 346 1008 tulerunt,
366 967 506 1010 colligere
525 968 595 1000 licet
615 986 655 991 -
676 971 730 1000 aut
750 967 886 1009 diligenti
906 971 1062 1008 poetarum
1084 967 1206 998 lectioni
1225 970 1281 999 aut
1299 967 1509 999 subtilioribus
1527 967 1758 1008 philosophandi
1779 970 1947 1002 rationibus

202 1016 296 1048 dediti
317 1020 392 1056 tum,
412 1020 448 1050 ut
467 1017 519 1057 qui
532 1016 726 1057 scriptoribus
739 1017 875 1056 inprimis
888 1017 986 1056 poetis
1003 1026 1124 1056 operam
1140 1019 1296 1054 navarent,
1319 1026 1424 1047 omnes
1445 1026 1535 1047 voces
1555 1016 1738 1048 difficiliores
1759 1019 1947 1059 rarioresque

202 1068 235 1095 et
254 1065 498 1105 interpretatione
518 1068 642 1103 egentes
663 1063 802 1095 collectas
827 1063 982 1102 haberent,
1010 1063 1128 1094 efficere
1147 1063 1303 1094 studerent
1314 1064 1343 1104 ²)
1373 1067 1437 1094 tum
1466 1067 1501 1094 ut
1521 1065 1551 1094 in
1572 1065 1728 1095 interiores
1754 1065 1877 1105 linguae
1897 1068 1945 1098 in-

202 1113 353 1152 quirerent
372 1113 503 1143 rat-iones
524 1115 701 1151 spectarent,
730 1111 767 1142 de
787 1112 938 1142 communi
959 1121 1016 1142 usu
1036 1114 1091 1143 aut
1111 1112 1232 1142 omnino
1253 1121 1314 1142 non
1335 1114 1389 1142 aut
1408 1111 1547 1142 inferiore
1567 1111 1688 1142 demum
1710 1116 1811 1144 aetate
1831 1116 1946 1154 cogita-

201 1163 311 1191 verunt
321 1159 362 1201 ²).
401 1159 443 1192 Ut.
462 1169 534 1190 vero
555 1163 634 1190 recte
655 1159 692 1190 de
712 1159 761 1190 liis
781 1158 1014 1190 Hellenistarum
1035 1159 1144 1190 studiis
1160 1158 1319 1199 judicetur,
1345 1159 1526 1189 mouendum
1547 1163 1595 1190 est
1614 1159 1778 1192 Graeculos
1797 1165 1946 1194 sermonis

202 1206 342 1238 utilitatis
362 1206 515 1238 studiosos
536 1207 575 1238 ad
596 1217 685 1238 usum
704 1206 848 1247 loquendi
868 1206 1115 1237 conformandum
1136 1210 1168 1237 et
1188 1206 1396 1246 corrigendum
1416 1216 1477 1238 uon
1498 1216 1571 1238 usos
1591 1216 1660 1238 esse
1681 1209 1768 1248 copia
1787 1210 1947 1241 verborum

202 1254 462 1295 exemplorumque
483 1254 608 1286 collecta
627 1258 719 1294 atque
739 1253 858 1292 collata,
878 1253 934 1285 sed
953 1255 985 1285 in
1006 1255 1104 1294 prima
1122 1258 1158 1285 ut
1177 1255 1264 1294 ajunt
1282 1255 1348 1285 acie
1368 1255 1506 1294 posuisse
1525 1254 1699 1294 analogiam
1708 1257 1748 1296 ⁸).
1797 1257 1847 1288 Sic
1866 1258 1946 1289 alius

201 1303 232 1334 in
252 1302 314 1334 alio
334 1305 473 1334 versatus
495 1305 543 1333 est
561 1305 739 1343 argumento
760 1302 869 1343 quavis
889 1302 921 1332 in
941 1302 1116 1342 quaestione
1136 1302 1226 1332 modo
1247 1301 1304 1333 has
1323 1302 1413 1333 modo
1428 1302 1496 1333 illas
1510 1302 1687 1343 disciplinae
1698 1308 1799 1343 partes
1812 1309 1946 1337 tractau-

202 1350 258 1382 das
277 1351 337 1383 sibi
357 1350 482 1391 eligens.
513 1350 583 1381 Jam
603 1360 679 1390 quae
698 1349 788 1381 fuerit
807 1350 928 1390 propria
946 1359 983 1381 ac
1002 1349 1162 1390 peculiaris
1175 1349 1381 1381 Plinianorum
1402 1349 1571 1382 studiorum
1591 1352 1677 1390 ratio,
1705 1351 1785 1383 haud
1802 1354 1847 1384 ita
1866 1354 1947 1385 diffi-

201 1398 258 1429 cile
278 1401 326 1429 est
345 1397 517 1442 intellectu:
537 1397 649 1439 pendet
668 1398 750 1428 enim
770 1398 929 1438 praecipue
949 1407 986 1428 ex
1006 1397 1124 1428 consilii
1151 1407 1307 1438 rerumque
1335 1408 1411 1438 quas
1437 1398 1670 1438 „attingendas“
1696 1402 1814 1432 censuit
1840 1402 1947 1443 ampli·

202 1446 306 1478 tudine
326 1450 416 1487 atque
437 1445 612 1486 discipliuae
630 1446 776 1482 circuitu3
803 1455 874 1476 nam
895 1445 1148 1485 quemadmodum
1168 1446 1301 1477 rationes
1321 1446 1449 1487 viasque
1475 1445 1514 1477 ab
1544 1445 1614 1478 aliis
1634 1450 1839 1487 grammaticis
1865 1460 1947 1482 seor-

201 1504 270 1525 sum
290 1495 382 1525 initas
403 1503 554 1525 connexas
575 1493 717 1525 dilatavit
736 1493 843 1524 ductus
864 1497 899 1524 ut
919 1495 1025 1534 opinor
1045 1494 1228 1534 integritatis
1248 1494 1348 1525 studio
1362 1495 1556 1535 perfectioris,
1577 1496 1621 1526 ita
1637 1495 1738 1536 procul
1759 1497 1851 1529 dubio
1865 1498 1948 1530 dubii

202 1542 349 1572 sermonis
368 1540 437 1571 libri
459 1551 611 1573 summum
629 1551 700 1581 prae
722 1550 756 1571 se
776 1540 878 1571 ferunt
893 1540 1083 1581 largissimae
1103 1540 1251 1572 ubertatis
1272 1545 1304 1572 et
1321 1542 1456 1580 integrae
1479 1542 1542 1572 fere
1565 1543 1772 1582 amplitudinis
1799 1546 1947 1584 studium,

201 1593 465 1630 quantumcunque
491 1589 567 1620 ratio
595 1589 778 1628 argumenti,
806 1589 837 1619 in
866 1598 925 1629 quo
951 1591 1055 1620 noster
1073 1591 1215 1620 versatus
1235 1593 1295 1628 est,
1322 1589 1506 1630 postulabat.
1551 1589 1621 1620 Jam
1643 1595 1829 1632 quantopere
1849 1594 1880 1625 iu
1902 1603 1948 1632 eo,

201 1641 239 1668 ut
250 1646 332 1676 vopus
353 1636 585 1676 unumquodque
606 1638 755 1676 integrum
781 1638 821 1666 sit
842 1640 933 1676 atque
953 1636 1105 1677 expletum
1125 1637 1265 1668 omnibus
1286 1638 1350 1668 suis
1370 1638 1503 1669 numeris
1523 1642 1555 1668 ct
1574 1639 1722 1678 partibus,
1748 1639 1950 1672 elaboraverit

201 1683 328 1721 Plinius,
349 1683 462 1715 diserta
482 1684 578 1724 ipsius
599 1683 692 1715 verba
712 1694 803 1724 quum
824 1683 971 1715 naturalis
991 1683 1136 1714 historiae
1157 1687 1222 1714 tum
1244 1684 1326 1714 dubii
1342 1686 1489 1715 sermonis
1508 1685 1652 1715 librorum
1674 1688 1823 1717 rationem
1844 1688 1947 1727 deien-

202 1733 302 1764 dentis
322 1731 558 1763 luculentissime
579 1731 749 1763 ostendunt.
778 1731 923 1772 (Praefat.
944 1735 1008 1763 nat.
1029 1731 1100 1763 hist.
1122 1731 1142 1769 ἓ
1159 1732 1205 1771 17,
1222 1732 1270 1771 18,
1284 1732 1348 1773 28.)
1377 1733 1420 1763 Ac
1446 1732 1577 1773 profecto
1598 1743 1659 1764 non
1680 1737 1728 1764 est
1748 1734 1827 1774 quod
1848 1736 1947 1766 virum

202 1779 438 1810 eruditissimum
459 1783 491 1810 et
511 1780 668 1819 diligentia
676 1780 706 1820 ⁴)
733 1779 1018 1811 excellentissimum
1039 1781 1141 1811 omnia
1162 1790 1207 1818 ea,
1235 1791 1312 1821 quae
1333 1781 1391 1811 sibi
1411 1783 1578 1821 proposuit,
1606 1781 1775 1814 absolvisse
1800 1787 1832 1814 et
1852 1793 1948 1823 quan-

202 1831 267 1857 tum
288 1836 341 1867 per
361 1828 471 1858 aetatis
492 1827 573 1858 illius
595 1826 796 1858 conditionem
818 1826 1021 1858 subsidiorum
1042 1827 1255 1866 litteratorum,
1283 1838 1407 1868 quorum
1435 1829 1521 1869 copia
1547 1838 1628 1860 nunc
1648 1829 1848 1869 abundamus,
1878 1842 1947 1871 par·

203 1875 342 1904 cissimae
370 1873 455 1905 licuit
475 1874 653 1906 exhausisse
673 1885 831 1915 negemus:
857 1885 949 1915 quare
978 1885 1158 1915 quamquam
1185 1875 1236 1906 vel
1261 1877 1291 1906 in
1315 1876 1471 1907 uberrimis
1499 1880 1635 1908 veterum
1661 1877 1811 1909 thesauris
1837 1880 1945 1911 mirum

203 1926 345 1962 quantum
368 1921 551 1953 desideretur
576 1926 656 1953 recte
683 1928 787 1954 monet
807 1923 961 1954 Gustavus
982 1923 1135 1954 Detlefsen
1157 1923 1191 1962 (l.
1212 1923 1232 1954 l.
1253 1934 1282 1964 p.
1304 1924 1387 1964 697),
1415 1935 1511 1965 neque
1538 1935 1660 1956 causam
1687 1935 1754 1956 esse
1780 1926 1869 1958 video
1896 1937 1947 1958 cur

203 1970 261 2000 hoc
281 1980 300 2000 a
321 1968 526 2000 Plinian01·um
547 1970 716 2001 studiorum
738 1972 854 2002 ratione
874 1971 1004 2002 alienum
1027 1971 1144 2010 ducam,
1166 1976 1267 2003 tamen
1294 1982 1388 2012 quum
1416 1972 1446 2003 id
1472 1974 1503 2003 in
1525 1974 1607 2003 omui
1633 1978 1768 2004 veterum
1796 1985 1946 2015 gramma-

202 2018 282 2064 sicae⁴
300 2015 399 2048 iudole
420 2017 459 2048 sit
480 2018 611 2057 positum
631 2017 730 2049 Plinio
752 2019 828 2049 vitio
843 2018 907 2050 dari
922 2020 1034 2059 nequit,
1055 2028 1151 2059 neque
1165 2022 1336 2052 accuratius
1352 2020 1388 2050 de
1403 2030 1439 2052 ea
1461 2031 1491 2051 re
1507 2030 1648 2061 quaerere
1663 2021 1790 2052 multum
1812 2024 1947 2053 interest.

304 2138 327 2168 ¹)
345 2136 385 2163 ct.
403 2136 525 2162 Raukius
542 2136 575 2163 de
592 2137 642 2163 lex.
659 2136 821 2170 Hesychiani
838 2138 942 2171 origine
959 2145 984 2170 p.
1003 2139 1057 2165 126.

210 2227 217 2236 ι
268 2229 275 2235 μ
304 2187 329 2217 ²)
347 2183 432 2217 Apoll.
451 2183 484 2211 de
500 2187 569 2217 synt.
588 2185 609 2211 1.
622 2185 665 2211 10:
690 2183 705 2216 ιζ
721 2185 860 2220 trigamia
877 2189 920 2217 τῆς
936 2188 1000 2212 κατά
1022 2187 1068 2212 πᾶν
1079 2186 1232 2220 mamma»
1248 2188 1421 2223 παραδόσεως
1443 2191 1610 2222 κατορθοῦσα
1628 2210 1632 2214 .
1647 2210 1652 2215 .
1667 2210 1671 2214 .
1689 2190 1735 2220 τήν
1752 2198 1776 2214 τε
1799 2189 1848 2214 dni
1866 2191 1944 2223 χεῖρα

203 2228 325 2296 0μιλωΐ)
343 2263 426 2291 Schol.
445 2263 478 2289 sd
495 2263 600 2298 Dionys.
618 2264 714 2292 Thrac.
732 2273 772 2299 ap.
791 2265 892 2291 Fabric.
911 2265 944 2291 sd
962 2266 1033 2292 Sext.
1052 2267 1151 2299 Empir.
1169 2274 1193 2299 p.
1212 2267 1267 2293 254.

301 2315 325 2345 ⁴)
342 2312 409 2339 Plin.
427 2311 511 2345 Epist.
530 2312 580 2338 111.
598 2314 621 2339 5.
638 2314 661 2339 8.
