2160 2697
1017 141 1067 178 m

167 248 243 276 nsnt
263 243 472 275 fonticulorum
492 243 594 275 licebit
613 243 799 275 absolvetur.
845 245 930 283 Quae
951 245 1047 277 obiter
1067 248 1185 277 tautum
1205 247 1236 275 et
1256 245 1343 284 qussi
1364 246 1585 285 praetereundo
1601 246 1647 279 de
1661 245 1908 288 philosophorum

168 293 278 334 piscita
298 303 355 324 sus
374 292 615 333 impugnantium
638 292 893 348 disputationibus
913 293 1057 335 litigiosis
1077 294 1218 334 intense,
1246 303 1293 326 eu
1306 292 1345 325 td
1370 301 1449 328 mu.-
1455 296 1607 328 nostran
1621 293 1838 336 ωορκ-ἆυ.
1832 304 1910 336 per-

168 342 269 381 magni
297 345 370 372 sunt
395 340 601 372 aestimanda:
635 351 707 372 nam
734 341 767 374 iu
793 341 904 373 libellis
930 343 1051 376 nostris-
1069 341 1300 383 philosophicus,
1316 340 1462 382 quondm
1487 342 1633 376 ratione·
1639 343 1763 377 latius:-
1759 343 1912 384 petuisse,

167 400 257 430 quam
278 399 316 420 ex
336 388 515 429 fragmentis
536 388 594 420 11110
614 392 716 420 setste
737 389 949 430 superstitibus
970 393 1107 430 apperet,
1125 389 1290 424 laedentes
1310 389 1482 422 ostendunt.
1513 389 1597 422 Jsm
1594 400 1698 430 quun
1713 394 1758 423 et
1769 391 1912 426 9101οῶ-

166 438 255 479 cos²)
277 442 308 469 et
322 437 485 478 Epicureos
494 437 524 478 ²)
546 438 712 477 generatim
733 437 771 468 de
791 437 895 479 lingua
915 438 1095 469 disseruisse
1115 441 1241 477 constet,
1264 437 1336 479 quid
1356 447 1400 470 ex-
1413 438 1505 470 unius
1516 436 1678 470 alteriusve
1691 438 1912 480 scholae-puse-

167 487 260 527 ceptis
280 485 514 526 percensendum
541 490 632 525 atque
661 486 894 526 oppugnandum
919 486 978 517 sibi
1007 487 1169 526 sumpserit
1194 503 1235 510 ·-
1262 496 1333 518 nam
1360 486 1399 517 de
1425 487 1506 518 omni
1534 485 1711 518 clitomachi
1737 490 1774 519 et
1791 488 1911 529 Epicuri

166 538 347 566 sectatorum
376 533 535 574 disciplina
560 543 621 564 non
647 535 745 574 egisse
773 538 908 565 nostrum
935 535 1056 565 omnino
1084 537 1133 564 est
1159 537 1396 567 cousentaneum
1415 552 1457 558 —
1484 535 1637 574 exquirere
1655 538 1761 570 nostr·
1779 536 1912 571 wirne

164 585 299 616 interest.
341 584 437 622 Atque
463 582 625 622 Epicurum
653 581 774 622 quidem
801 584 925 623 ejusque
952 581 1114 622 disupulos
1142 582 1216 615 ortis
1242 583 1458 622 gramm-nese
1481 582 1625 615 studium.
1640 592 1910 624 nequequsmmss·

167 632 299 672 glexisse
320 635 352 661 et
374 631 511 670 inprimis
532 630 570 661 de
591 630 713 670 linguae
732 632 874 670 vocisque
894 634 1003 662 ustura
1023 632 1223 670 quaestione-2
1237 630 1406 663 instituisse
1430 641 1524 672 quum
1548 640 1585 663 ex
1605 635 1747 665 soterum
1773 631 1910 666 testimo-

165 681 224 711 niis
245 678 460 713 modoallatis
481 682 546 709 tum
567 688 605 709 ex
625 679 669 709 eis
690 688 768 719 quse
787 678 944 710 Lucretius
953 679 983 720 ³)
1011 682 1042 711 et
1060 678 1185 710 Proclus
1194 680 1224 716 4)
1246 677 1391 711 exhibent
1408 678 1521 716 elenen
1546 689 1651 712 verum
1672 684 1774 711 tamen
1794 680 1910 719 quomi-

164 739 223 759 nus
249 738 309 768 qua.
328 728 521 768 potissimum
543 727 580 757 de
602 737 694 758 causa.
714 727 839 758 subortu
860 728 901 758 sit
920 728 999 758 inter
1019 727 1139 767 Epicuri
1160 726 1293 761 asseeles
1318 730 1349 758 et
1368 726 1502 761 Plinium
1527 727 1675 760 dissensio
1696 727 1910 768 perspiciamus

165 776 357 816 reliquiarum
379 772 531 805 doctrinae
553 775 646 806 officit
666 779 786 815 egestas
808 775 974 807 Plinianae.
1005 774 1113 806 Melius
1134 785 1205 806 vero
1226 778 1409 806 resnostrse
1429 785 1463 806 se
1483 774 1598 808 habent
1611 775 1787 808 tinnsductu
1806 775 1908 816 dispu-

165 823 340 857 tationead
361 822 593 855 Dialecticorum
619 822 733 864 placita
753 834 773 855 a
793 822 892 855 Plinio
920 824 952 855 in
972 823 1118 864 judicium
1144 827 1268 855 vocata:
1299 823 1410 855 etenim
1437 824 1576 864 quamvis
1590 824 1839 865 *fragmentorum
1864 824 1910 855 ita

165 877 405 915 comparatorum
426 876 460 902 ut
481 872 591 902 diserte
612 871 669 902 1100
691 872 869 911 eloquuntur
890 873 1025 904 subsidio
1047 882 1212 910 careamus,
1241 871 1411 904 Secundum
1432 871 1609 906 Clitomachi
1633 874 1757 913 ejusque
1776 871 1908 904 familiae

165 922 203 953 de
224 921 360 964 partibus
382 921 528 951 orationis
549 919 738 960 disciplinam
757 921 982 961 impugnavisse
1002 920 1076 952 mihi
1096 921 1359 961 persuasissimum
1387 923 1450 951 est:
1480 929 1557 961 quae
1584 921 1772 958 ratiocinatio
1802 920 1908 952 confir-

164 975 264 1003 matur
284 980 337 1008 eo,
365 968 445 1009 quod
466 968 599 999 indidem
621 972 718 999 ortam
739 978 806 1000 esse
828 968 996 1000 Stoicorum
1016 968 1167 1010 Pliniique
1195 969 1430 1000 controversiam
1452 971 1584 1008 constet,
1611 978 1687 1010 quos
1712 968 1750 1001 de
1769 968 1821 1000 illo
1839 969 1908 1009 ipso

165 1019 379 1060 grammaticae
399 1017 466 1047 loco
489 1017 679 1048 contendisse
700 1027 819 1048 summe.
839 1027 907 1048 cum
928 1017 1139 1057 probabilitate
1158 1017 1260 1058 paullo
1280 1018 1361 1049 infru
1380 1017 1610 1059 disputabimus.
1647 1017 1724 1050 Nam
1743 1028 1836 1057 quum
1851 1027 1908 1057 ¹ne-

165 1077 249 1098 cesse
270 1069 351 1098 esset
362 1065 443 1095 -id
457 1064 538 1105 quod
551 1065 645 1095 totius
661 1066 760 1104 operis
774 1065 932 1096 consilium
946 1064 1106 1105 flagitabat
1122 1082 1161 1088 —
1173 1069 1207 1097 ut
1216 1065 1254 1096 de
1262 1065 1400 1106 partibus
1415 1066 1561 1101 orationis
1574 1064 1823 1098 discemendisffet
1836 1065 1908 1097 defi-

167 1115 285 1147 niendis
307 1118 455 1155 ageretur,
483 1112 605 1145 Plinius⁴
622 1113 659 1144 de
680 1123 711 1144 re
732 1114 888 1154 proposito.
908 1114 954 1145 its
972 1113 1150 1155 exposuisse
1169 1112 1299 1153 videtur,
1326 1117 1361 1145 ut
1380 1112 1624 1155 philosophorum
1642 1113 1677 1145 in
1696 1112 1746 1144 his
1765 1112 1908 1146 Dis-lecti—

167 1163 340 1201 corum-qui
363 1166 440 1192 teste
460 1161 615 1191 Prisciano
637 1161 670 1201 (l.
692 1161 726 1200 l.)
748 1162 824 1192 duas
845 1163 990 1192 orationis
1016 1167 1126 1202 partes,
1153 1172 1264 1193 nomen
1284 1165 1317 1193 et
1336 1162 1474 1200 verbum,
1498 1162 1674 1194 statuebant
1693 1161 1806 1203 placitu
1825 1161 1908 1194 dein.-

166 1220 236 1251 ceps
255 1213 484 1251 persequeretur
505 1212 536 1239 et
557 1208 691 1240 refellere
712 1208 874 1240 moliretur.
915 1210 955 1240 At
975 1218 1014 1239 ne
1034 1208 1109 1240 hsec
1130 1209 1251 1250 quidem
1277 1218 1330 1249 pro
1357 1210 1533 1243 certissimis
1553 1209 1684 1240 vendere
1702 1209 1822 1240 licebit:
1849 1209 1908 1249 its-

166 1262 224 1301 que
245 1260 348 1291 missis
368 1257 540 1290 Dialecticis
562 1262 596 1289 ut
617 1268 636 1289 a
657 1257 757 1289 dubiis
778 1261 809 1289 et
829 1257 964 1290 obscuris
985 1257 1024 1289 ud
1045 1261 1127 1290 certa
1146 1257 1196 1289 vel
1215 1257 1385 1299 probabilis
1402 1261 1592 1290 “ansemus
1610 1258 1646 1298 111Ι
1664 1257 1811 1292 rationem
1831 1266 1910 1298 quae

165 1310 244 1340 inter
266 1308 385 1338 Stoicos
411 1311 442 1336 et
467 1310 604 1336 nostrum
632 1307 833 1336 intercesserit
861 1307 1009 1337 curiosius
1029 1307 1240 1346 inquiramus..
1271 1307 1338 1345 Qua
1363 1306 1401 1338 de
1426 1317 1458 1341 re
1486 1307 1565 1338 inter
1591 1306 1736 1347 reliquias
1753 1306 1910 1339 Pliniana

166 1360 324 1388 occurrunt
344 1354 425 1395 apud
440 1353 586 1394 quosdam
602 1354 752 1384 inferioris
767 1354 834 1384 aevi
850 1355 1008 1393 scriptores
1022 1354 1195 1385 testimonis.
1209 1353 1299 1385 haec:
1320 1354 1424 1394 Pomp.
1440 1363 1546 1385 comm.
1561 1358 1618 1385 art.
1632 1354 1742 1385 Donat.
1756 1364 1785 1395 p.
1798 1354 1857 1386 201
1872 1354 1910 1384 Κ.

166 1405 304 1443 „Plinius
326 1403 483 1435 Secundus
510 1403 629 1434 notavit
649 1403 862 1444 grammaticos
884 1403 916 1434 in
936 1401 992 1434 hac
1013 1402 1194 1442 definitione,
1215 1413 1276 1434 11011
1296 1402 1415 1435 notavit
1435 1402 1620 1444 imperitiae,
1649 1402 1703 1435 sed
1723 1402 1849 1434 inertiae
1870 1402 1909 1433 od

165 1452 358 1494 loquendum.
398 1451 455 1482 Est
476 1451 586 1482 subtile
607 1450 728 1491 aliquid,
758 1451 887 1492 legimus
913 1450 993 1491 apud
1015 1460 1067 1481 eos
1088 1452 1139 1491 qui
1159 1451 1340 1491 scripserunt
1367 1451 1404 1482 de
1424 1452 1622 1492 argumentis,
1649 1451 1728 1492 qnod
1748 1461 1809 1482 non
1830 1451 1909 1482 idem

165 1507 214 1533 est
234 1501 313 1542 quod
334 1499 451 1538 accidit,
474 1504 504 1531 et
523 1499 602 1530 idem
625 1503 672 1530 est
692 1496 739 1530 cui
760 1499 878 1539 occidit,
898 1498 988 1540 longe
1008 1498 1161 1531 diversum
1183 1503 1229 1530 est
1241 1522 1249 1531 .
1264 1522 1272 1531 .
1288 1521 1297 1531 .
1321 1497 1369 1530 Da.
1388 1499 1474 1530 finita
1493 1500 1679 1540 pronomina.
1709 1499 1774 1540 Ego
1795 1503 1828 1531 tu
1848 1498 1909 1540 ille.

164 1550 212 1581 Du
231 1559 386 1590 personas.
419 1549 483 1588 Ego
505 1552 537 1579 tu
559 1547 618 1578 ille.
651 1548 727 1578 Ecce
748 1548 871 1579 eaedem
892 1551 964 1579 sunt
984 1558 1138 1588 personae,
1161 1547 1266 1579 eadem
1286 1551 1358 1578 sunt
1377 1547 1464 1578 finita
1483 1549 1660 1588 pronomina
1679 1571 1688 1580 .
1703 1571 1711 1579 .
1726 1571 1734 1580 .
1774 1547 1807 1579 Si
1827 1549 1910 1588 ipsae

165 1602 236 1629 sunt
256 1606 403 1639 personae
425 1595 541 1638 [eadem
562 1594 654 1636 sunt],
676 1606 754 1635 quse
774 1600 846 1626 sunt
864 1596 952 1626 finita
972 1597 1158 1636 pronomina,
1184 1606 1255 1636 ergo
1277 1605 1344 1626 eece
1369 1596 1472 1636 incipit
1500 1596 1672 1637 contingere
1697 1600 1732 1627 ut
1757 1606 1849 1627 unum
1870 1597 1910 1627 sit

167 1646 248 1687 quod
269 1645 377 1678 accidit
397 1648 429 1676 et
449 1645 497 1676 cui
518 1643 640 1680 accidit;
663 1643 742 1684 quod
763 1654 823 1675 11011
845 1648 946 1684 potest
965 1644 1029 1676 fieri
1050 1655 1103 1685 per
1123 1654 1222 1675 rerum
1243 1645 1411 1675 naturam“.
1443 1643 1564 1675 Cledon.
1585 1654 1614 1684 p.
1632 1644 1674 1676 49
1694 1643 1748 1676 K:
1772 1643 1910 1683 „Plinius

165 1693 356 1734 artigraphos
377 1693 510 1724 dicentes
531 1692 759 1732 pronominibus
778 1692 874 1722 finitis
894 1692 1027 1723 accidere
1047 1692 1192 1733 personas
1208 1691 1410 1733 reprehendit3
1428 1696 1499 1723 tunc
1518 1693 1598 1723 0111111
1612 1692 1688 1723 bene
1707 1693 1862 1730 diceretur,
1884 1693 1912 1723 si

165 1741 250 1775 aliud
264 1744 345 1773 esset
361 1750 525 1782 pronomen
540 1740 675 1779 finitum,
698 1739 780 1770 aliud
800 1749 937 1781 persona.
971 1740 1037 1771 Non
1052 1741 1131 1771 enim
1145 1750 1207 1771 una
1222 1750 1269 1770 res
1283 1743 1383 1780 potest
1397 1750 1464 1771 esse
1476 1749 1554 1780 quae
1568 1740 1677 1772 eccidit
1689 1744 1719 1771 et
1732 1740 1779 1772 cui
1794 1740 1911 1771 accidit.

164 1793 246 1832 Ergo
261 1791 370 1822 melius
383 1792 428 1822 ita
441 1790 600 1821 dicendum
614 1793 669 1827 est,
681 1789 733 1827 sit,
744 1788 849 1820 eadem
860 1799 926 1821 esse
937 1789 1025 1821 finita
1035 1789 1212 1831 pronomina
1227 1799 1304 1830 quae
1321 1791 1392 1821 sunt
1403 1788 1494 1825 etism
1506 1789 1680 1830 personae“.
1693 1788 1812 1821 Novum
1820 1787 1911 1820 Plinii

166 1840 204 1871 de
220 1839 278 1871 hac
294 1849 326 1870 re
343 1839 548 1879 fragmentum
562 1847 655 1877 nuper
667 1836 862 1877 deprehendit
882 1837 1073 1869 Hei-mannus
1087 1838 1194 1877 Hagen
1209 1839 1240 1868 in
1254 1841 1318 1868 arte
1331 1847 1483 1875 anonyme
1499 1837 1643 1870 Beruensi
1657 1837 1780 1881 (Aneod.
1794 1837 1912 1868 Helvet.

164 1900 195 1930 p.
211 1888 293 1930 135)‚
307 1889 392 1929 cujus
406 1886 499 1918 verbs.
513 1896 529 1917 e
544 1885 729 1926 praefatione
750 1884 792 1926 (p.
807 1885 945 1917 LXXXV
966 1886 1045 1927 sqq.)
1065 1886 1226 1926 desumpta
1244 1885 1304 1916 huc
1317 1885 1497 1917 deser-ihm:
1521 1886 1598 1925 „rite
1608 1896 1638 1917 >s
1657 1885 1755 1917 Plinio
1775 1884 1914 1917 Secundo,

165 1936 496 1978 grammatico-initium
510 1935 654 1975 capimus,
668 1935 753 1973 cujus
767 1934 849 1964 locus
863 1934 1032 1974 praeclarus
1046 1935 1083 1965 de
1098 1934 1323 1974 pronominibus
1336 1934 1430 1966 finitis
1443 1938 1527 1967 extat
1540 1945 1569 1976 p.
1587 1935 1655 1969 135.
1671 1936 1759 1973 1-8,
1773 1944 1832 1975 quo
1846 1943 1912 1964 me-

165 1986 215 2017 dio
230 1985 316 2026 quasi
337 1983 399 2016 sole
421 1982 579 2024 superfuso
600 1981 745 2013 illustrari
765 1981 860 2021 vides,
882 1992 959 2022 quae
980 1993 1000 2013 a
1021 1982 1161 2014 Cledonio
1183 2005 1191 2013 .
1207 2004 1215 2012 .
1235 1991 1295 2012 11011
1310 1983 1369 2013 nisi
1389 1983 1516 2014 strictim
1535 1982 1712 2023 significata,
1733 1993 1753 2015 a
1768 1982 1910 2023 Pompej0

164 2045 236 2066 vero
268 2057 277 2065 .
304 2057 311 2065 .
343 2034 419 2066 satis
447 2033 571 2063 obscure
603 2035 742 2062 enarrata
762 2035 848 2070 sunt,
875 2036 909 2062 ut
929 2032 999 2072 quid
1032 2031 1149 2063 Plinius
1179 2032 1242 2072 ipse
1274 2030 1437 2071 voluisset,
1475 2036 1553 2064 recte
1588 2030 1716 2073 intelligi
1746 2026 1913 2072 nequiret‘ff

164 2083 326 2122 Leguntur
344 2091 416 2111 vero
444 2082 475 2112 in
497 2084 561 2110 arte
582 2088 736 2117 anonyma
756 2079 843 2110 Bern.
863 2079 952 2110 haee:
981 2080 1118 2119 „Plinius
1138 2080 1241 2119 ipse‘)
1262 2079 1353 2110 dixit:
1384 2080 1438 2112 sed
1467 2081 1544 2111 scire
1571 2080 1715 2111 debemus
1735 2079 1906 2120 hujusmodi

267 2172 288 2202 ¹)
306 2170 385 2204 Diog.
402 2169 492 2197 Luert.
508 2175 623 2202 prooem.
641 2169 673 2195 13
690 2171 719 2194 et
736 2168 773 2198 11.
792 2168 830 2195 10.
855 2168 982 2195 Priscian.
1000 2175 1025 2200 Ρ.
1042 2168 1074 2194 54
1092 2167 1125 2195 Η.
1151 2168 1286 2195 Plutsrch.
1304 2170 1408 2200 quaest
1426 2167 1494 2195 Plst.
1512 2167 1545 2195 X.
1570 2167 1679 2196 Lersch.
1694 2168 1712 2195 1.
1729 2168 1745 2195 l.
1763 2175 1788 2200 p.
1804 2167 1837 2193 46
1853 2174 1910 2200 squ.

264 2211 403 2241 ².)Anecd
420 2210 502 2237 Oxou.
520 2209 564 2236 IV.
582 2218 606 2243 p.
623 2210 679 2236 317.
706 2208 837 2235 Theodos.
854 2209 929 2236 Alex.
947 2217 971 2242 p.
990 2209 1020 2235 13
1038 2208 1089 2241 (ed.
1108 2208 1226 2241 Goettl.).
1838 2232 1841 2236 ,

264 2253 288 2282 ¹)
306 2251 338 2277 V
356 2251 418 2276 1027
435 2257 491 2282 sqq.

261 2290 390 2321 ⁴.)Procl
407 2290 487 2316 schol.
504 2290 538 2316 sd
555 2290 655 2323 Crstyl
673 2297 698 2323 p.
715 2291 739 2316 6.
756 2290 779 2315 9.

259 2334 281 2364 ⁵)
300 2332 338 2359 Ne
354 2331 436 2358 Plinii
453 2334 612 2364 argumente
630 2330 698 2357 setis
714 2330 864 2357 levidensis
881 2334 1011 2364 putemus.
1029 2333 1119 2358 monet
1136 2337 1184 2358 nos
1202 2330 1277 2362 illud,
1295 2312 1363 2363 quod
1380 2330 1403 2357 is
1421 2330 1495 2358 loeus
1512 2330 1558 2358 vix
1575 2330 1682 2365 integer
1699 2332 1728 2357 et
1744 2330 1793 2362 ita
1801 2332 1842 2358 ut
1855 2337 1909 2358 om-
