2160 2697
1050 166 1172 222 ¹⁸—

294 271 375 302 Haec
403 270 440 302 de
462 270 553 302 Plinii
580 274 611 302 et
637 269 883 312 philosophorum
914 272 1120 303 controversia
1148 271 1313 313 generatim
1340 273 1458 302 tantum
1486 274 1518 302 ct
1541 271 1640 304 obiter
1664 261 1944 314 emma-203

201 321 312 352 etenim
338 330 430 360 quum
455 329 553 360 neque
579 319 649 350 libri
676 319 714 351 de
735 320 915 352 Graecorum
935 318 1182 360 philosophorum
1203 330 1236 352 re
1254 319 1451 361 grammatica
1469 329 1491 351 a
1509 319 1585 351 viris
1611 320 1708 353 doctis
1734 316 1946 363 ωιισῌίῆς

197 369 304 408 quibus
324 369 467 408 inspectis
489 368 562 399 mihi
583 368 624 398 ad
643 367 734 399 hasce
756 369 948 408 quaestiones
974 367 1131 409 aliquanto
1158 369 1304 400 curiosius
1331 372 1423 409 atquc
1447 366 1566 408 plenius
1584 369 1947 402 renam-‹luseum-

196 416 298 447 futura
317 426 385 447 esse
405 416 582 453 arbitrabar,
602 426 674 454 prae
694 416 834 447 manibus
855 420 957 447 essent
976 425 1073 456 neque
1093 415 1142 447 his
1163 426 1241 456 quos
1255 416 1422 458 significavi
1441 415 1525 447 libris
1542 416 1633 447 etiam
1647 416 1727 449 illiso
1745 417 1946 460 suppedit-tis

196 468 316 496 tantum
336 466 487 506 temporis,
507 468 542 496 ut
569 468 665 496 totam
692 474 755 495 rem
782 464 971 496 absolverem
999 474 1157 504 superesse
1182 464 1403 506 intellegerem,
1429 464 1481 496 vix
1501 467 1638 496 extrema
1657 466 1745 505 quasi
1765 465 1949 498 flumenta

196 512 340 550 ducenda,
361 513 490 553 plurima
509 513 629 544 futurae
649 513 853 553 disquisitioni
874 511 1067 552 relinquenda
1087 512 1270 545 existimavi.

291 560 403 592 Restat
426 564 461 592 ut
489 561 562 601 quid
589 561 668 592 dotis
689 560 841 591 litteratae
869 559 1030 590 habuerint
1049 559 1133 590 dubii
1158 561 1307 592 sermonis
1326 560 1396 592 libri
1417 560 1502 592 brevi
1523 570 1679 602 exponam.
1713 560 1783 592 Jam
1804 561 1968 602 quesnad·‚

198 608 320 640 modum
341 609 476 641 Plinium
497 611 613 641 intento
635 609 674 640 ad
694 607 860 649 permultas
880 618 944 647 res,
957 608 1024 639 sive
1044 607 1084 639 ad
1104 606 1264 640 historiam
1289 608 1457 640 litterarum
1477 612 1511 641 et
1530 610 1640 641 artium
1659 609 1726 641 sive
1745 608 1785 641 ad
1805 612 1946 641 nsum

196 661 343 697 spectent,
364 659 466 688 animo
488 658 609 698 singula
623 657 854 697 diligentissime
868 665 1047 696 componere
1060 660 1152 697 atquc
1171 666 1209 687 ex
1229 656 1279 688 his
1292 657 1468 689 acutissime
1483 657 1618 698 judic-re
1638 667 1802 689 consuesse
1820 657 1853 689 iu
1872 666 1945 688 con-

197 705 288 736 fessis
308 709 365 743 est,
387 707 431 737 sic
451 707 482 737 in
504 705 594 737 rebus
615 705 822 746 grammaticis
842 703 1008 735 tractandis
1030 714 1100 736 eum
1120 704 1247 736 eandem
1267 705 1330 736 fere
1349 706 1497 737 rationem
1518 705 1693 738 adhibuisse
1713 709 1846 747 apparet.
1880 705 1945 737 Ita-

196 763 254 793 que
273 753 392 785 libellos
413 758 533 785 nostros
555 754 758 785 monumentis
778 753 962 784 naturalium
983 763 1081 784 rerum
1101 762 1137 784 ac
1157 752 1391 794 disciplinarum,
1412 764 1491 795 quae
1511 755 1682 796 argumenti
1695 753 1894 796 amplitudine
1908 755 1945 785 'et

196 802 344 832 varietate
364 802 511 842 insignita
531 802 563 832 in
583 801 742 841 propatulo
763 801 972 841 frequentique
993 811 1052 832 usu
1072 801 1223 841 feruntur,
1251 801 1473 842 quodammodo
1493 803 1656 843 exaequari
1676 802 1844 844 idcircoque
1868 811 1945 842 opus

196 853 357 890 utrumque
384 850 490 881 eodem
520 859 645 881 numero
672 848 844 881 habendum
872 859 941 880 esse
967 850 1147 880 censuerim:
1177 852 1265 881 tanta
1284 850 1397 891 ingenii
1417 849 1555 882 ubertate
1583 853 1726 891 tantaque
1745 850 1894 881 industria
1913 851 1945 881 in

198 896 394 936 plurimarum
414 902 446 928 et
466 898 730 937 grammaticarum
752 900 783 928 et
803 897 987 928 naturalium
1007 907 1106 929 rerum
1127 898 1204 929 scitu
1225 898 1471 939 dignissimarum
1484 899 1719 939 investigatione
1731 903 1873 930 versatus
1885 902 1943 929 est.

197 944 353 985 Reliquias
378 946 500 976 etiamsi
528 944 738 977 tantummodo
764 948 881 985 spectes
908 954 946 975 ex
965 945 1080 986 ingenti
1106 945 1266 986 naufragio
1287 949 1440 984 servatas,
1467 957 1559 986 quum
1580 946 1630 977 vel
1655 945 1712 977 has
1732 947 1808 977 satis
1827 945 1944 986 largam

197 992 444 1037 observationum
465 998 496 1025 et
516 993 721 1034 exemplorum
742 993 859 1033 copiam
880 993 1036 1033 complecti
1055 998 1207 1034 appareat.
1229 993 1412 1025 doctissimis
1431 993 1714 1035 ctdiligentissimis
1728 991 1946 1026 accensendum

197 1051 266 1072 esse
286 1040 418 1072 Plinium
439 1042 573 1082 argentei
594 1042 663 1072 aevi
684 1041 889 1081 grammaticis
909 1041 996 1072 facile
1017 1040 1238 1072 confitebimur:
1259 1045 1403 1082 quantam
1423 1051 1495 1082 ergo
1515 1042 1620 1073 fecerit
1640 1043 1791 1082 jacturam
1812 1039 1945 1073 Punisni

197 1090 296 1130 operis
322 1089 392 1121 labe
414 1091 628 1131 grammaticae
648 1089 761 1121 latinae
782 1088 940 1129 explicatio
962 1088 1105 1120 historica
1124 1089 1177 1120 vix
1198 1088 1257 1119 dici
1276 1092 1386 1129 potest.
1425 1089 1560 1129 Accedit,
1590 1088 1667 1130 quod
1689 1089 1721 1121 in
1742 1091 1832 1121 tanta
1848 1098 1949 1130 gram·

197 1138 376 1169 maticorum
397 1140 462 1179 ejus
483 1139 551 1169 aevi
572 1138 715 1169 librorum
736 1141 837 1177 strage
857 1136 941 1168 solus
961 1137 1024 1168 fere
1044 1138 1144 1169 evasit
1164 1136 1292 1175 Plinius,
1313 1137 1398 1178 cujus
1418 1137 1565 1177 reliquiae
1575 1147 1636 1169 non
1648 1137 1738 1169 modo
1752 1147 1861 1169 nomen
1875 1148 1951 1169 auc·

198 1186 288 1224 toris,
314 1186 367 1217 sed
395 1187 488 1217 etiam
514 1185 689 1226 disciplinae
715 1195 865 1216 summam
886 1188 1121 1223 conservarunt,
1149 1188 1184 1216 ut
1208 1184 1365 1225 aliquanto
1387 1185 1497 1217 clarius
1517 1185 1654 1226 dignosu’
1674 1185 1750 1218 haec
1769 1189 1861 1226 atque
1879 1195 1947 1226 pcr-

198 1234 272 1274 spici
293 1238 393 1274 queat,
414 1234 493 1276 quod
514 1238 593 1266 recte
615 1235 731 1265 monuit
751 1233 907 1265 Gustavus
926 1233 1090 1265 Detlefsen.
1110 1232 1130 1264 1.
1150 1232 1172 1265 1.
1193 1243 1222 1273 p.
1243 1233 1314 1264 714.
1342 1232 1435 1265 Porro
1455 1233 1544 1265 facilc
1564 1237 1612 1266 est
1631 1233 1792 1272 intellectu,
1813 1234 1866 1275 qui
1879 1234 1944 1265 iac-

199 1287 263 1313 tum
283 1284 334 1321 sit,
354 1287 388 1314 ut
407 1283 457 1315 vel
478 1284 615 1324 inprimis
638 1283 813 1324 posterioris
840 1283 952 1314 aetatis
977 1283 1088 1313 artium
1114 1282 1274 1322 scriptores
1294 1281 1386 1313 Plinii
1411 1291 1487 1322 opus
1512 1291 1631 1314 summa
1654 1281 1853 1314 admiratione
1872 1292 1942 1323 pro·

198 1339 403 1371 sequerentur,
424 1331 505 1372 quod
525 1332 570 1362 eis
588 1341 643 1372 pro
663 1331 757 1369 fonte,
776 1340 815 1361 ex
836 1340 895 1371 quo
916 1330 1022 1361 doctas
1042 1329 1080 1361 de
1099 1330 1301 1361 vetustiorum
1315 1334 1470 1362 auctorum
1485 1330 1626 1370 loquendi
1644 1341 1702 1362 usu
1719 1330 1946 1363 observationes

198 1377 387 1418 hauriebant,
408 1389 485 1421 quae
506 1379 546 1411 ad
566 1378 758 1420 indagandas
778 1378 892 1410 latinae
911 1378 1034 1419 linguae
1054 1379 1187 1409 rationes
1208 1377 1367 1410 historicas
1392 1379 1516 1410 maximi
1535 1383 1699 1411 evaserunt
1723 1379 1883 1417 momenti,
1911 1388 1946 1409 ac

199 1426 342 1459 thesauro
361 1428 456 1460 fuisse
476 1428 555 1459 ultro
576 1431 711 1469 apparet.
758 1427 866 1468 Itaque
886 1427 990 1458 mirari
1011 1436 1086 1458 sane
1106 1426 1194 1465 licet,
1225 1426 1307 1466 quod
1326 1425 1543 1458 Brambaehius
1563 1426 1598 1466 (1.
1618 1426 1638 1458 l.
1659 1437 1688 1468 p.
1708 1426 1748 1459 37
1769 1427 1849 1468 sqq.)
1876 1435 1947 1458 auc-

199 1476 322 1507 toritate
343 1476 434 1507 Probi
454 1476 545 1507 Plinii
566 1486 676 1507 nomen
703 1475 912 1507 obumbratum
934 1483 1001 1506 esse
1027 1479 1058 1506 et
1083 1475 1175 1505 nimis
1202 1474 1344 1506 subtilem
1373 1475 1469 1506 nostri
1489 1478 1520 1506 et
1547 1474 1740 1507 artificiosum
1760 1474 1948 1507 discernendi

198 1533 235 1555 ac
255 1523 417 1555 definiendi
438 1525 561 1556 modum
581 1525 620 1556 ab
641 1534 715 1555 usus
736 1523 879 1555 cotidiani
900 1522 1096 1564 simplicitate
1115 1522 1247 1554 alienum
1269 1532 1321 1562 eo,
1336 1526 1371 1554 ut
1391 1523 1477 1563 copia
1498 1522 1660 1554 verborum
1681 1533 1700 1554 a
1721 1523 1860 1557 Secundo
1875 1532 1946 1554 con-

198 1576 286 1611 gesta
305 1573 337 1603 in
359 1577 442 1604 artes
462 1583 522 1604 non
543 1575 732 1613 reciperetur,
753 1571 889 1604 valuisse
905 1571 1031 1611 judicat.
1067 1571 1134 1609 Qua
1153 1570 1191 1601 de
1211 1580 1244 1602 re
1264 1571 1393 1602 fortasse
1414 1570 1475 1602 alio
1495 1570 1562 1603 loco
1575 1571 1674 1603 fusius
1693 1572 1751 1603 erit
1771 1571 1947 1603 dicendum:

196 1629 330 1661 namque
349 1630 457 1652 vereor
477 1631 515 1652 ne
536 1620 611 1652 haec
631 1621 726 1651 nimia
746 1619 915 1651 subtilitate
935 1619 1001 1659 ipse
1021 1620 1063 1650 sit
1082 1619 1212 1650 rimatus
1237 1619 1286 1649 vir
1309 1618 1348 1650 de
1367 1618 1477 1650 studiis
1496 1620 1702 1659 grammaticis
1726 1624 1818 1660 atque
1845 1618 1947 1651 ortho-

197 1667 350 1708 graphicis
370 1670 482 1709 optime
501 1670 636 1700 meritus.
676 1668 776 1706 Quid?
803 1668 883 1708 quod
903 1667 1063 1698 Plinianac
1090 1666 1271 1708 disciplinae
1291 1667 1503 1698 auctoritatem
1529 1668 1652 1708 saepius
1677 1668 1875 1708 gravissimos
1895 1668 1945 1698 vel

197 1726 305 1747 omnes
334 1718 547 1757 grammaticos
578 1717 711 1757 artisque
741 1715 854 1747 latores
882 1718 1028 1755 sequutos
1053 1725 1120 1746 esse
1141 1715 1302 1747 confitetur
1327 1715 1361 1753 (1.
1386 1714 1408 1746 l.
1434 1726 1463 1756 p.
1485 1716 1554 1747 151.
1577 1715 1644 1747 172.
1671 1716 1726 1747 191
1756 1719 1787 1747 et
1809 1715 1947 1756 passim).

198 1763 361 1796 Praeterea
380 1774 441 1796 non
462 1768 510 1796 est
529 1764 667 1803 dubium,
695 1765 768 1804 quin
788 1763 977 1805 grammatici
1003 1762 1170 1804 complures
1191 1763 1243 1803 qui
1263 1762 1423 1794 eruditiore
1451 1763 1586 1794 doctrina
1611 1764 1750 1795 instructi
1774 1773 1837 1795 rem
1858 1772 1946 1795 suam

198 1816 406 1844 tractaveer
431 1812 581 1853 permulta
611 1823 706 1853 eaque
733 1822 811 1852 quae
838 1812 981 1843 uberioris
1007 1815 1098 1852 atque
1126 1812 1305 1852 antiquioris
1329 1821 1402 1853 prae
1428 1821 1462 1842 se
1482 1811 1582 1843 ferunt
1609 1811 1784 1843 eruditionis
1803 1812 1944 1853 vestigia,

197 1861 340 1902 quamvis
360 1862 493 1892 auctoris
513 1871 622 1892 nomen
642 1871 703 1892 uon
724 1862 766 1892 sit
785 1860 975 1901 adscriptum,
998 1870 1015 1891 e
1036 1860 1337 1892 Plinianis-mutuati
1357 1861 1421 1892 sint
1442 1860 1574 1891 scriniis.

296 1967 320 1996 ⁸)
338 1966 378 1992 Cf.
390 1966 507 1992 Classen.
524 1965 567 1997 (de
585 1973 671 1999 gram.
687 1973 727 1998 gr.
740 1965 887 1998 primord),
905 1965 937 1990 R.
949 1964 1077 1990 Schmidt.
1094 1964 1249 1995 (Stoicorum
1266 1966 1373 1998 grana),
1396 1964 1498 1992 Prsntl.
1516 1964 1681 1998 (geschichte
1700 1964 1724 1992 d.
1742 1964 1838 1999 logik).
1854 1964 1943 1990 Stein-

200 2007 266 2033 thal.
284 2006 449 2039 (geschichte
467 2006 491 2032 d.
508 2005 759 2039 sprachwissensch.
777 2005 819 2032 bei
837 2005 861 2031 d.
878 2005 979 2037 griech.
997 2012 1023 2030 u.
1040 2006 1124 2035 rom),
1142 2005 1217 2031 alios.
