2160 2697
570 717 575 722 “
634 696 720 761 De
771 695 825 761 G.
885 697 1101 783 Plinii
1157 696 1447 761 Secundi

709 862 711 865 .
768 819 942 860 studiis
971 817 1316 867 grammaticis.

267 932 371 982 Quum
399 946 471 977 illud
497 948 538 977 sit
565 949 596 978 in
617 958 699 978 more
720 949 851 988 positum
874 949 1072 988 institutoque
1093 947 1280 986 scriptorum,
1301 950 1335 977 ut
1354 946 1490 986 publicae
1516 946 1592 978 lucis
1613 957 1736 978 usuram
1757 947 1828 977 dum
1851 948 1914 977 suis

171 995 428 1027 lucubrationibus
448 996 624 1037 largiuntur,
646 999 707 1029 iam
727 1008 823 1038 usque
844 999 883 1030 ab
904 998 1025 1030 exordio
1046 996 1205 1038 diligenter
1225 1000 1386 1037 exponant,
1416 996 1524 1036 quibus
1544 998 1736 1038 potissimum
1757 997 1794 1027 de
1815 998 1914 1027 causis

172 1044 211 1075 ad
231 1044 299 1076 illas
320 1045 451 1075 animum
475 1045 653 1086 appulerint,
674 1056 734 1077 non
755 1056 846 1077 unam
867 1047 971 1085 fuisse,
999 1056 1076 1086 quae
1096 1044 1171 1076 mihi
1191 1044 1261 1075 aliis
1282 1048 1374 1085 atque
1398 1044 1467 1075 aliis
1496 1045 1739 1085 occupationibus
1760 1045 1913 1086 implicato

172 1092 228 1123 hoc
249 1102 334 1132 opus,
355 1092 442 1133 quale
464 1092 537 1124 illud
558 1103 672 1134 cunque
693 1095 741 1132 sit,
763 1094 997 1134 aggrediendum
1017 1093 1313 1134 pemequendumque
1334 1094 1466 1123 maximo
1487 1093 1544 1124 suit
1565 1094 1759 1124 incitamento
1780 1103 1842 1131 eos,
1864 1093 1915 1132 qui

171 1139 244 1171 haec
271 1140 388 1181 legent,
416 1142 545 1172 monitos
566 1141 645 1173 volo.
686 1142 806 1173 Etenim
828 1152 919 1182 quum
940 1142 1130 1182 quaestiones
1150 1141 1362 1182 grammaticas
1388 1141 1419 1171 in
1440 1140 1542 1172 libello
1569 1141 1606 1172 de
1627 1141 1662 1172 G.
1683 1141 1756 1172 Julii
1777 1140 1915 1171 Caesaris

171 1189 279 1220 studiis
300 1190 503 1229 grammaticis
524 1191 665 1230 inscripto
687 1201 723 1221 ex
744 1190 925 1221 adversariis
945 1190 1094 1221 delibatas
1114 1189 1230 1229 aliquot
1251 1189 1340 1219 annis
1360 1193 1431 1220 ante
1452 1190 1483 1220 in
1505 1189 1615 1221 litteris
1642 1189 1837 1221 collocassem
1858 1200 1914 1229 pu-

171 1236 299 1276 blicique
320 1238 393 1267 iuris
414 1237 565 1276 fecissem,
587 1247 696 1277 easque
717 1248 784 1268 cum
798 1238 954 1268 Plinianae
975 1238 1127 1268 doctrinae
1149 1237 1384 1275 eruditionisque
1406 1237 1573 1268 rationibus
1588 1238 1794 1277 grammaticis
1809 1238 1914 1267 arctis-

170 1285 246 1315 sime
267 1284 424 1315 cohaerere
445 1284 669 1323 intellexissem,
691 1295 767 1325 quae
788 1286 825 1316 de
846 1285 883 1316 G.
900 1285 996 1316 Plinio
1027 1284 1152 1316 collecta
1180 1288 1210 1314 et
1235 1285 1265 1314 in
1292 1284 1444 1316 schedulis
1465 1285 1601 1325 dispersa
1621 1285 1783 1323 habebam,
1811 1294 1914 1315 eorum

172 1334 202 1362 in
224 1332 320 1362 lucem
342 1332 571 1362 emittendorum
593 1333 700 1372 cupido
721 1334 832 1363 sensim
855 1334 1024 1372 sensimque
1044 1333 1076 1362 in
1098 1342 1145 1362 me
1166 1332 1298 1362 excitata
1318 1336 1372 1362 est.

267 1380 428 1410 Praeterea
448 1390 539 1419 quum
554 1379 645 1411 Plinii
666 1380 749 1411 dubii
770 1381 917 1412 sermonis
937 1381 988 1420 qui
1008 1379 1210 1411 inscribuntur
1229 1379 1323 1409 libros
1337 1380 1548 1418 grammaticos
1563 1381 1626 1419 ipso
1642 1380 1773 1410 auctoris
1793 1381 1916 1410 nomine

171 1427 396 1458 commendatos
417 1428 497 1468 apud
519 1438 622 1459 omnes
636 1428 705 1466 fere,
727 1429 777 1469 qui
794 1432 862 1468 post
877 1428 1046 1459 Secundum
1068 1427 1104 1458 de
1126 1427 1215 1458 rebus
1232 1427 1437 1467 grammaticis
1458 1429 1648 1468 scripserunt,
1670 1438 1787 1458 summo
1808 1428 1839 1458 in
1861 1427 1916 1458 ho-

171 1486 242 1506 nore
264 1476 358 1506 fuisse
379 1480 531 1516 appareat,
552 1486 655 1506 eorum
676 1476 828 1517 fragmina
851 1476 924 1506 mihi
945 1476 1026 1506 haud
1047 1485 1133 1506 secus
1155 1475 1192 1506 ob
1214 1475 1367 1505 doctrinae
1381 1474 1559 1515 dignitatem
1581 1480 1673 1515 atque
1694 1476 1732 1506 ob
1754 1476 1917 1506 maximam

171 1524 456 1564 pretiosissimarum
476 1523 668 1563 reliquiarum
690 1524 804 1564 copiam
827 1534 843 1554 e
864 1523 1111 1555 reconditioribus
1126 1523 1401 1553 vetustissimorum
1422 1524 1598 1563 scriptorum
1620 1523 1770 1554 thesauris
1790 1524 1915 1563 petitam

170 1582 249 1611 quae
270 1581 341 1602 cura
362 1571 521 1612 studioque
542 1572 696 1603 doctorum
717 1573 852 1603 virorum
874 1572 1054 1613 colligantur
1075 1570 1272 1602 emendentur
1291 1570 1479 1602 illustrentur
1505 1572 1536 1602 in
1558 1572 1716 1612 pristinam
1736 1571 1916 1612 dignitatem

170 1620 367 1650 restituantur
396 1619 488 1659 digna
519 1619 669 1651 videntur.
721 1620 797 1657 Quid
830 1630 900 1660 ergo
928 1621 1051 1660 pronius
1077 1618 1150 1649 mihi
1169 1619 1245 1658 fuit,
1272 1629 1376 1659 quam,
1407 1630 1498 1659 quum
1524 1619 1580 1650 hoc
1605 1619 1780 1659 proludendi
1805 1630 1916 1650 munus

171 1667 247 1698 mihi
269 1671 350 1698 esset
370 1666 516 1705 oblatum,
537 1671 570 1698 ut
591 1667 660 1699 dote
681 1667 784 1707 aliqua
803 1667 951 1699 litteraria
970 1678 1023 1708 pro
1046 1676 1127 1698 more
1147 1667 1287 1698 instructi
1307 1665 1339 1697 hi
1361 1666 1486 1698 annales
1507 1666 1680 1699 scholastici
1694 1667 1857 1707 prodirent,
1878 1668 1916 1697 de

170 1715 267 1745 Plinio
289 1716 421 1754 cogitare
442 1725 627 1755 operaequae
647 1720 769 1747 nostrae
790 1717 818 1746 ei
840 1716 959 1746 deditae
979 1716 1139 1755 specimine
1160 1714 1359 1755 proferendo?
1394 1733 1396 1735 >

267 1763 344 1792 Num
365 1762 422 1793 hoc
442 1763 704 1802 grammaticorum
726 1763 893 1794 studiorum
915 1773 1010 1803 genus
1031 1762 1143 1803 publici
1167 1764 1207 1793 sit
1222 1764 1337 1802 saporis
1359 1762 1462 1793 dubito
1484 1781 1523 1785 -—
1545 1763 1653 1802 quodsi
1673 1763 1759 1794 nulla
1773 1763 1834 1794 alia
1854 1765 1916 1794 vii·-

166 1813 236 1840 tute
258 1809 516 1841 commendabitur
539 1809 622 1841 haud
642 1811 704 1841 scio
725 1809 764 1842 an
785 1810 940 1842 levidense
961 1810 1019 1842 hoc
1039 1810 1249 1841 munusculum
1270 1810 1349 1850 quod
1370 1810 1465 1840 obtuli
1487 1810 1617 1850 aliquam
1639 1812 1767 1851 gratiam
1788 1812 1857 1851 ipsa
1877 1813 1918 1842 sit

169 1857 338 1897 argumenti
359 1859 580 1897 opportunitate
600 1859 743 1889 initurum
765 1877 804 1881 —
825 1858 878 1890 sed
899 1860 943 1889 ita
963 1861 1168 1899 comparatum
1192 1858 1278 1896 duco,
1301 1861 1335 1888 ut
1356 1857 1447 1888 huius
1468 1857 1643 1901 disciplinae
1663 1860 1711 1890 vis
1729 1862 1760 1889 et
1781 1860 1867 1899 copia
1887 1864 1918 1890 et

170 1904 324 1935 subtilitas
345 1904 510 1935 clarissime
531 1904 775 1945 exsplendescat,
803 1906 985 1945 „dummodo
1010 1906 1137 1936 materia
1163 1906 1288 1936 inventa
1314 1906 1355 1936 sit
1384 1909 1414 1936 et
1438 1916 1493 1948 par
1518 1907 1662 1937 mateii'ae
1683 1906 1792 1937 artifex
1814 1907 1918 1937 sollers

171 1952 339 1984 industrius
367 1962 461 1992 eaque
489 1953 583 1983 animi
610 1952 829 1993 obstinatione,
857 1958 891 1985 ut
916 1954 965 1984 vel
991 1955 1125 1984 minutae
1152 1953 1309 1984 cuiusdam
1335 1954 1522 1992 quaestionis
1549 1964 1642 1984 causa
1670 1955 1753 1985 viam
1779 1956 1917 1994 quamvis

169 2001 328 2032 molestam
349 2010 407 2031 non
429 2000 526 2031 dicam
548 2001 672 2039 emetiri,
694 2001 747 2031 sed
769 2012 932 2041 emensam,
953 2003 979 2032 si
1000 2012 1047 2032 res
1067 2005 1179 2041 poscat,
1202 2003 1334 2032 remetiri
1355 2012 1415 2032 non
1437 2001 1647 2033 detrectetur“.
1690 2002 1793 2042 Neque
1813 2012 1918 2033 vereor

171 2059 209 2080 ne
229 2049 353 2080 nimiam
376 2048 582 2079 huiuscemodi
604 2048 712 2079 studiis
732 2051 794 2080 vim
816 2051 985 2081 tribuerim:
1013 2059 1090 2090 quae
1110 2050 1216 2089 quanti
1238 2052 1301 2080 sint
1320 2049 1459 2093 facienda
1480 2049 1562 2080 haud
1584 2049 1628 2080 ita
1648 2049 1735 2080 facile
1757 2050 1830 2080 mihi
1851 2060 1916 2090 per-

169 2096 334 2136 suaserint,
362 2098 411 2137 qui
440 2097 622 2137 poeticarum
644 2096 817 2129 deliciarum
847 2098 1005 2139 voluptate
1033 2097 1147 2137 abrepti
1167 2107 1220 2137 per
1241 2097 1408 2129 latissimos
1428 2090 1585 2129 Musarum
1610 2108 1733 2138 campos
1754 2099 1918 2138 exspatiari

167 2145 286 2176 malunt
306 2155 395 2185 quam
417 2145 488 2175 sicci
510 2148 540 2175 et
560 2145 653 2175 sobrii
674 2145 912 2186 eruditionisque
935 2156 1006 2177 vere
1026 2145 1177 2176 humanae
1206 2150 1344 2185 expertes
1371 2150 1453 2177 recta
1478 2146 1624 2177 incedere.
1667 2146 1726 2177 Sed
1753 2146 1833 2176 haud
1855 2148 1916 2177 scio

167 2202 288 2223 amnon
310 2193 432 2233 gravius
453 2202 520 2223 esse
541 2191 637 2223 dicam
658 2192 848 2224 decantatum
863 2194 938 2224 illud
956 2194 1102 2234 judicium
1110 2193 1140 2237 ζ’)
1164 2192 1287 2237 Caecilii
1302 2193 1442 2233 Secundi,
1464 2204 1553 2234 quem
1572 2194 1689 2225 libellos
1710 2194 1748 2224 ab
1768 2193 1917 2224 avunculo

219 2305 245 2336 ⁸)
263 2304 330 2330 Plin.
348 2305 397 2337 Ep.
414 2304 466 2336 111,
483 2305 512 2331 5:
534 2304 615 2331 Dubii
631 2305 758 2332 sermonis
776 2307 834 2331 octo
851 2304 960 2337 scripsit
983 2305 1031 2331 sub
1049 2305 1151 2341 Nerqne
1168 2306 1320 2332 novissimis
1349 2307 1440 2339 annis,
1466 2313 1545 2338 quum
1569 2313 1643 2332 omne
1665 2305 1814 2332 studiorum
1832 2313 1918 2338 genus

261 2345 350 2377 paullo
368 2344 477 2371 liberius
494 2347 523 2371 et
540 2345 654 2372 erectius
671 2345 846 2379 periculosum
863 2345 980 2372 servitus
998 2345 1113 2371 fecisset.
1143 2346 1176 2371 cf.
1195 2346 1286 2372 Neam.
1304 2353 1329 2378 p.
1351 2348 1369 2372 1.
1414 2349 1430 2360 ³
1688 2359 1690 2362 v
1708 2384 1723 2409 1
