2160 2697
1055 154 1106 189 11·

208 255 352 296 loquendi
372 256 490 288 ratione
506 255 675 297 judicarent
694 259 784 298 alque
804 256 1018 300 praeciperent,
1038 260 1214 297 componere
1234 258 1265 287 et
1284 265 1455 298 comparare
1475 259 1643 298 coeperunt.
1677 255 1720 287 Ae
1741 254 1856 286 Plinius
1876 254 1942 295 qui-

206 304 275 336 dem
297 307 362 336 tum
382 305 595 345 grammaticos
615 315 689 346 quos
710 316 802 347 supra
821 305 1072 337 enumeravitum
1092 304 1255 345 permultos
1274 304 1351 336 alios
1370 306 1527 345 scriptores
1547 305 1602 336 sub
1624 313 1751 335 examen
1770 303 1893 335 vocavit
1912 306 1944 334 et

207 351 405 385 subtilissime
423 356 459 384 ut
479 354 594 394 opinor,
620 357 720 386 utrum
740 354 794 386 uni
815 353 888 394 plus
907 353 1046 385 minusve
1065 353 1253 384 auctoritatis
1278 353 1469 384 tribuendum
1494 357 1574 384 esset
1600 363 1640 384 an
1665 352 1754 384 alteri
1777 350 1943 392 perpendit.

206 401 390 441 scriptorum
409 412 481 433 vero
501 404 701 434 vetustiorum
721 403 914 443 potissimum
934 401 1190 440 consuetudinem,
1210 401 1247 433 de
1268 412 1329 442 qua
1341 402 1472 433 maxime
1490 402 1609 434 Valerio
1623 400 1721 433 Probo
1740 399 1943 441 adstipulante

205 449 403 490 quse-lviv),
423 449 477 481 illa
489 454 599 490 aetate,
620 451 807 492 quaenovis
827 449 1022 489 scriptoribus
1042 451 1130 480 enixe
1150 459 1271 490 operam
1291 450 1391 489 dabat,
1415 450 1580 491 neglectam
1597 451 1674 481 tueri
1689 453 1721 480 et
1742 448 1859 480 civibus
1876 449 1943 479 suis

206 497 415 530 commendare
435 498 600 539 studuit2).
641 499 743 539 Neque
762 507 835 529 vero
856 498 1053 529 recentiorum
1073 498 1248 539 scriptorum
1268 499 1458 539 gravitatem,
1486 498 1523 529 de
1543 508 1602 539 qua
1622 497 1711 529 modo
1732 496 1942 533 disseruimus,

205 547 422 586 contempsisse
447 546 582 577 videtur:
614 547 725 578 etenim
748 555 825 587 quae
851 546 890 577 de
909 547 1032 578 Annaeo
1053 545 1183 578 Cornuto
1204 550 1235 577 et
1254 547 1292 578 de
1312 547 1477 588 Pomponio
1491 546 1625 578 Secundo
1639 545 1759 587 aequali
1778 544 1944 584 eodemque

204 593 344 626 familiari
363 594 483 635 profert,
510 603 546 625 eo
576 594 701 626 consilio
722 595 754 626 in
773 593 872 626 medio
893 595 986 635 ponit,
1018 598 1053 626 ut
1072 594 1180 626 collato
1201 605 1268 626 cum
1288 598 1392 627 vetere
1410 594 1551 635 loquendi
1570 605 1629 625 usu
1649 603 1796 625 novorum
1816 593 1943 632 scripto—

204 652 270 675 rum
283 642 382 674 modo
402 642 553 682 praesidia
567 643 626 673 sibi
639 646 774 683 quaerat.
804 643 872 675 Jam
886 654 957 674 vero
979 646 1014 674 ut
1032 644 1240 675 auctoritatem
1261 644 1449 684 gravissimis
1468 643 1640 675 auctoribus
1659 643 1717 674 sibi
1737 641 1867 674 invicem
1887 639 1942 672 ad-

204 689 395 721 versantibus
413 690 572 720 inst-ctam
592 690 791 729 confirmaret,
819 691 1019 722 cummaxime
1043 692 1204 731 scriptores
1224 701 1316 731 quum
1337 692 1418 722 omni
1438 695 1504 722 tum
1523 692 1738 730 grammaticae
1756 691 1831 721 artis
1850 689 1942 720 laude

204 748 241 770 ac
259 737 361 771 studio
382 738 557 778 conspicuos
575 737 714 771 laudavit
734 743 764 771 et
784 742 855 771 ante
874 739 972 780 prima
991 739 1079 780 sigua
1097 742 1133 771 ut
1152 740 1238 780 ajunt
1256 740 1370 780 posuit:
1395 739 1427 770 id
1446 738 1526 779 quod
1546 748 1608 770 non
1627 738 1717 769 modo
1738 737 1778 769 ad
1791 736 1943 768 Lucilium

204 790 236 816 et
255 785 426 824 Varronem,
446 786 501 817 sed
521 787 613 817 etiam
633 787 672 818 ad
689 787 828 828 Valgium
847 787 960 818 Rufum
980 791 1010 818 et
1023 787 1223 827 Pomponium
1243 787 1413 818 Secundum
1426 788 1564 827 pertinet,
1585 797 1711 827 quorum
1731 791 1766 817 ut
1785 789 1945 826 praecepta

204 833 236 864 in
257 832 347 864 rebus
366 833 570 874 grammaticis
591 834 635 865 ita
654 834 792 875 exempla
810 835 843 865 in
863 844 922 866 usu
940 834 1058 866 dicendi
1078 834 1232 874 sequenda
1251 836 1444 875 proposuisse
1462 834 1590 864 videtur.
1617 835 1713 874 Atque
1734 834 1859 864 eandem
1880 833 1944 864 fere

203 881 366 920 rationem,
395 882 512 922 opinor,
539 886 686 923 sequutus
705 883 864 914 verborum
885 882 1020 924 exempla
1038 893 1057 914 e
1075 882 1161 914 libn‘s
1180 882 1260 913 Ateii
1280 882 1430 922 Philologi
1440 882 1470 924 ⁸)
1498 880 1686 923 grammatici
1712 881 1891 913 nobilissimi
1911 885 1944 912 ct

205 929 381 969 scriptorum
401 932 538 961 veterum
558 930 690 962 litterate
709 931 884 971 peritissimi
904 931 1065 962 delibavit:
1092 930 1221 961 multum
1242 941 1313 961 vero
1335 931 1435 969 abest,
1463 935 1499 962 ut
1525 933 1681 971 praecepta
1701 930 1818 961 dicendi
1838 940 1858 961 a
1875 926 1944 961 vire

205 977 237 1008 in
257 976 315 1008 hoc
333 977 481 1019 genere‘)
497 977 596 1009 laudis
612 978 862 1010 excellentissimo
883 978 956 1010 data
973 978 1063 1019 plane
1082 978 1250 1019 neglexisse
1266 978 1397 1009 Plinium
1417 982 1564 1019 putemus,
1586 988 1770 1018 quamquam
1790 978 1822 1008 in
1842 986 1942 1017 gram-

205 1026 383 1057 rusticorum
403 1026 500 1058 nostri
520 1029 675 1058 auctorum
695 1027 823 1058 indicem
844 1027 1020 1068 Capitonem
1041 1028 1122 1058 omni
1142 1026 1330 1058 dubitatione
1351 1037 1539 1067 nequaquam
1561 1025 1681 1057 sublata
1694 1027 1824 1057 inserere
1845 1025 1943 1057 nolui-

205 1084 283 1105 mus.
324 1073 486 1106 Praeterea
504 1076 626 1115 saepius
647 1085 684 1106 ea
704 1076 735 1106 in
756 1076 906 1116 gravitate
926 1080 1017 1116 atque
1045 1076 1225 1107 auctoritate
1245 1076 1350 1106 nititur
1371 1075 1496 1114 Plinius,
1523 1085 1583 1116 qua
1603 1075 1726 1106 nomina
1745 1074 1835 1106 rebus
1854 1084 1943 1114 prae-

205 1121 284 1153 clare
303 1123 400 1162 gestis
420 1123 534 1162 ingenii
553 1123 618 1154 acie
638 1122 816 1164 facundia⁵)
836 1124 982 1164 insignita
1001 1123 1104 1154 valent
1123 1123 1304 1164 florentque:
1336 1125 1379 1154 sic
1397 1123 1485 1154 facile
1505 1128 1552 1154 est
1573 1122 1736 1160 intellectu,
1757 1123 1809 1162 qui
1829 1123 1944 1153 sachun

205 1170 262 1208 sit,
289 1173 324 1201 ut
350 1169 400 1201 vel
424 1170 594 1202 reconditas
628 1171 852 1211 exquisitasque
878 1171 1132 1202 nobilissimorum
1157 1171 1289 1201 virorum
1314 1170 1434 1203 chartas
1462 1171 1573 1202 nedum
1599 1170 1751 1202 chartulas
1785 1171 1945 1210 inspiceret

205 1221 295 1258 atque
315 1222 499 1258 excerperet;
521 1219 559 1250 cf.
579 1217 693 1250 Charis.
715 1229 743 1259 p.
767 1220 823 1252 107
845 1219 882 1251 Κ.
904 1219 952 1260 (G.
967 1218 1146 1259 Graechus);
1167 1219 1238 1251 ibid.
1259 1230 1288 1260 p.
1304 1220 1363 1251 125
1376 1219 1413 1250 Κ.
1428 1218 1476 1259 (Q.
1491 1218 1702 1257 Hortensius);
1723 1218 1796 1249 ibid.
1810 1229 1839 1259 p.
1854 1218 1891 1249 77
1907 1218 1945 1248 K.

204 1266 254 1304 (T.
268 1265 448 1304 Labienus);
468 1266 540 1297 ibid.
561 1277 591 1306 p.
607 1267 666 1298 130
680 1266 717 1297 K.
740 1266 793 1306 (Μ.
807 1267 948 1307 Brutus);
969 1267 1041 1298 ibid.
1054 1277 1083 1307 p.
1099 1267 1158 1298 123
1172 1267 1209 1298 Κ.
1232 1267 1280 1307 (G.
1295 1268 1447 1307 Cassius);
1468 1267 1540 1298 ibid.
1554 1278 1584 1307 p.
1601 1266 1658 1297 147
1674 1266 1711 1297 Κ.
1733 1266 1781 1305 (G.
1796 1266 1943 1306 Oppius);

204 1313 277 1345 ibid.
290 1323 320 1353 p.
335 1313 394 1345 129
409 1313 446 1345 K.
468 1313 521 1353 (Μ.
536 1313 670 1345 Valerius
685 1313 828 1346 Messalla
841 1314 1058 1355 Corvinus)⁸);
1079 1314 1151 1345 ibid.
1164 1325 1194 1355 p.
1210 1315 1278 1346 134.
1294 1315 1352 1347 146
1365 1315 1402 1346 K.
1424 1315 1560 1354 (Asinius
1574 1314 1690 1355 Polio);
1706 1314 1778 1344 ibid.
1791 1324 1820 1354 p.
1836 1314 1895 1344 146
1907 1314 1944 1343 K.

205 1361 406 1403 (Maecenas);
427 1362 498 1394 ibid.
519 1373 548 1403 p.
564 1363 622 1394 129
637 1361 672 1394 K.
688 1361 878 1404 (Augustus).
905 1363 1061 1403 Propriam
1077 1372 1151 1393 vero
1163 1379 1203 1385 —
1218 1372 1256 1393 ne
1266 1363 1591 1404 quidpraetermittam‚
1610 1363 1689 1404 quod
1705 1362 1763 1393 huc
1779 1365 1944 1402 spectet—.-

205 1414 236 1442 et
255 1410 316 1441 fere
336 1410 521 1450 singularem
540 1412 572 1442 in
593 1411 773 1452 quibusdam
794 1413 837 1442 rei
857 1412 1072 1452 grammaticae
1091 1410 1274 1442 auctoribus.
1286 1411 1432 1451 eligendis
1453 1412 1601 1443 rationem
1622 1411 1779 1452 amplexus
1797 1414 1856 1442 est.
1889 1411 1944 1441 Et-

205 1459 286 1490 enim
306 1468 400 1499 quum
419 1459 593 1500 scriptores,
620 1460 672 1500 qui
692 1459 729 1490 de
756 1459 845 1491 rebus
870 1458 1058 1491 naturalibus
1077 1458 1172 1490 libros
1192 1463 1439 1500 composuerunt,
1460 1461 1612 1491 rarissime
1639 1461 1670 1491 in
1699 1460 1904 1491 testimoninm
1926 1470 1946 1489 a

205 1507 409 1548 grammaticis
428 1508 531 1539 vocari
552 1511 668 1539 constet
687 1525 727 1531 —
748 1508 780 1539 id
800 1508 880 1549 quod
901 1508 1004 1539 mirari
1023 1517 1096 1539 sane
1116 1518 1178 1539 non
1195 1508 1282 1547 licet,
1308 1519 1400 1548 quum
1421 1510 1472 1549 qui
1492 1509 1531 1540 de
1550 1513 1615 1540 arte
1636 1508 1832 1549 grammatica
1850 1507 1944 1539 tradi·

206 1556 266 1587 turi
286 1559 372 1586 erant
392 1566 473 1595 „non
493 1556 581 1587 facile
601 1556 694 1588 libros
713 1557 752 1588 ad
773 1567 871 1587 rerum
888 1560 1029 1587 naturam
1051 1560 1082 1588 et
1101 1556 1246 1587 animalia
1267 1560 1436 1596 spectantes
1456 1557 1593 1589 adirent“
1614 1574 1654 1580 -—
1682 1556 1740 1588 hoe'
1759 1557 1790 1588 in
1811 1556 1945 1587 Plinium

205 1613 267 1635 non
288 1603 384 1635 cadit:
406 1604 458 1644 qui
478 1605 510 1635 in
530 1606 735 1645 grammaticis
756 1614 876 1646 quoque
896 1604 986 1636 rebus
1007 1614 1068 1643 εοε,
1090 1615 1165 1646 quos
1185 1604 1368 1636 naturalium
1394 1609 1533 1637 auctores
1553 1616 1653 1637 rerum
1673 1605 1835 1636 identidem
1857 1603 1945 1635 adhi-

205 1652 281 1692 buit,
299 1653 509 1683 auctoritatem
522 1652 634 1684 habere
646 1652 752 1685 voluit.
785 1653 830 1684 Cf.
843 1652 958 1697 Cbaris.
971 1663 1000 1693 p.
1014 1653 1082 1685 105.
1094 1654 1151 1684 142
1162 1653 1199 1684 K.
1214 1653 1379 1692 (Fabianus
1393 1653 1453 1692 „de
1464 1654 1694 1694 animalibus“);
1714 1664 1743 1693 p.
1757 1654 1823 1685 104.
1837 1654 1896 1685 146
1906 1653 1943 1684 K.

206 1700 372 1741 (Fabianus
406 1709 583 1738 ,‚causarum
613 1701 847 1741 naturalium“):
876 1711 905 1741 p.
930 1701 987 1732 142
1014 1701 1167 1741 (Hyginus
1194 1701 1251 1740 „de
1281 1701 1510 1742 agricultura“);
1547 1713 1576 1743 p.
1605 1702 1672 1734 102.
1701 1702 1769 1732 137.
1812 1701 1946 1742 (Trogus

207 1748 271 1788 „de
284 1747 510 1789 animalibus“).
542 1748 646 1780 Neum.
670 1749 691 1781 l.
712 1749 732 1780 l.
753 1760 781 1790 p.
802 1749 852 1781 24.
893 1749 1145 1781 Consuetudinem
1165 1749 1293 1789 denique
1315 1760 1394 1792 „qua
1414 1754 1520 1790 poetae
1545 1751 1699 1788 utuntur&
1724 1754 1760 1780 ut
1786 1750 1831 1780 ait
1850 1749 1947 1780 Varro

207 1797 258 1836 (de
278 1797 299 1828 l.
318 1797 338 1828 l.
359 1797 412 1827 IX.
433 1807 461 1836 p.
483 1797 542 1829 179
563 1797 609 1828 ed.
629 1797 719 1838 Bip.),
740 1798 919 1829 observasse
939 1801 970 1829 et
990 1797 1098 1837 quibus
1119 1807 1155 1828 ex
1176 1798 1343 1829 rationibus
1358 1802 1424 1829 orta
1444 1799 1483 1829 ad
1497 1799 1634 1830 diversas
1650 1797 1864 1829 vocabulorum
1885 1798 1946 1828 for-

207 1855 275 1877 mas
288 1843 480 1885 proferendas
494 1844 569 1876 haec
588 1845 720 1877 valuerit
740 1846 886 1877 curiosius
906 1845 1067 1886 indagasse
1083 1845 1203 1877 videtur
1223 1849 1337 1877 noster:
1359 1846 1395 1877 cf.
1416 1846 1500 1877 Serv.
1521 1847 1560 1877 ad
1580 1846 1667 1887 Verg.
1689 1847 1761 1876 Aen.
1781 1845 1820 1877 11.
1835 1846 1885 1877 69.
1907 1863 1946 1868 —

205 1893 275 1925 Jam
305 1903 397 1933 quum
427 1892 530 1924 dedita
560 1903 650 1934 opera
670 1903 747 1934 quae
767 1895 1030 1934 grammaticorum
1050 1893 1162 1935 regulis
1182 1895 1248 1926 sive
1270 1895 1448 1935 scriptorum
1469 1896 1645 1926 auctoritate
1665 1895 1791 1926 vixdum
1812 1893 1948 1926 stabilita

205 1980 337 2001 sermones
354 1975 419 1999 tuuc
434 1972 507 1999 dicat
523 1972 607 1999 {uisse
623 1972 743 2006 aliosque
759 1980 836 1999 nunc.
869 1973 920 1999 Sed
937 1991 944 1999 .
961 1991 968 1999 .
985 1992 992 1999 .
1009 1976 1124 2006 postera,
1142 1973 1238 2005 iuquit.
1262 1976 1338 2000 aetas
1361 1974 1451 2000 mundi
1469 1978 1500 2000 ut
1521 1974 1688 2007 disciplinam
1710 1974 1819 2007 pristini
1843 1974 1943 2000 saeculi

204 2015 247 2041 ita
264 2017 293 2041 et
309 2019 444 2040 sermones
460 2012 584 2039 fastidire
601 2013 689 2046 coepit
705 2015 734 2039 et
751 2020 821 2039 nova
838 2013 971 2047 parturire
989 2013 1077 2045 verba,
1096 2021 1162 2046 quae
1173 2013 1300 2047 juvenum
1317 2014 1374 2041 ritu
1386 2013 1444 2048 ipsa
1461 2015 1535 2041 modo
1547 2015 1645 2041 florent
1661 2018 1689 2041 et
1701 2015 1810 2048 vigentu
1829 2016 1869 2046 (z
1882 2010 1949 2049 Dio-'b

204 2054 272 2081 med.
289 2063 314 2087 p.
330 2053 379 2080 400
394 2052 437 2083 Κ.)
454 2055 482 2079 et
497 2052 565 2079 Plin.
581 2053 665 2086 praef.
682 2053 713 2079 N.
730 2053 763 2080 Η.
779 2054 796 2080 1.
814 2054 831 2080 l.

283 2117 285 2119 .
307 2096 329 2123 ¹)
346 2094 419 2120 suet.
436 2093 469 2119 de
485 2092 522 2120 ill.
539 2100 649 2126 gramm.
667 2100 688 2119 c.
705 2093 745 2120 24.

303 2135 330 2165 ¹)
346 2133 448 2160 Charis.
466 2142 490 2168 p.
507 2133 555 2160 104
571 2133 605 2160 Κ.

305 2177 329 2206 ·)
347 2175 405 2206 „An
416 2174 548 2201 amaverit
558 2173 650 2200 Didun
661 2174 782 2200 Aeneas“
801 2174 902 2202 Charis.
919 2182 945 2208 p.
963 2175 1010 2202 127
1027 2175 1061 2202 Κ.
1079 2178 1107 2201 et
1124 2177 1286 2206 ,,11ινάκων“
1303 2177 1367 2204 ibid.
1380 2185 1404 2211 p.
1418 2177 1465 2204 134
1476 2177 1509 2203 Κ.
1526 2177 1561 2204 cf.
1573 2177 1644 2204 Suet.
1657 2177 1688 2204 de
1701 2177 1739 2203 ill.
1751 2183 1860 2209 gramm.
1873 2183 1893 2201 c.
1908 2177 1945 2202 lo.

302 2217 326 2246 ⁴)
344 2215 415 2241 Suet.
433 2214 466 2240 de
482 2213 520 2240 iu.
537 2222 648 2247 gramm.
665 2222 686 2241 c.
704 2215 741 2241 10.
768 2215 865 2242 Festus
882 2223 903 2242 s.
920 2224 946 2243 v.
965 2217 1092 2247 ‚mrem“.

305 2257 329 2287 ⁵)
347 2254 387 2281 Cf.
405 2254 514 2287 Quintil.
532 2255 554 2281 1.
570 2256 594 2282 6.
1779 2269 1781 2271 ·

303 2297 328 2328 ⁸)
346 2295 404 2322 Nisi
420 2294 488 2322 forte
505 2294 657 2322 Messallam
674 2298 808 2328 tamqnam
830 2296 927 2328 „latini
945 2296 1074 2334 sermonis
1091 2296 1328 2330 diligentissimum
1346 2298 1559 2325 observatorem“
1577 2298 1730 2324 adhibuisse
1747 2298 1882 2331 putandus
1900 2301 1950 2325 est.

206 2335 244 2362 Cf.
262 2335 361 2363 Seneca
378 2339 460 2362 contr.
477 2336 539 2363 XII.
556 2343 582 2370 p.
600 2337 648 2363 175
663 2338 692 2363 et
708 2336 817 2369 Quintil.
835 2337 856 2363 L
874 2337 897 2363 Ἰ.
1740 2370 1757 2391 *Α
1823 2368 1828 2372 ,

1716 2377 1732 2395 ·)
