2160 2697
1001 151 1026 183 8

140 249 215 282 ,Ειιιι
230 251 311 282 {vero
323 251 414 291 quum
437 247 501 292 ipse
522 256 625 283 noster
644 251 794 283 liberrime
815 251 912 283 mulia
931 263 965 284 se
974 250 1174 293 praeteriisse
1195 251 1386 290 confiteatur,
1415 252 1510 283 hanc'
1522 263 1584 284 rem
1612 252 1671 284 ad
1672 256 1806 284 summae
1827 253 1883 283 cir·-

136 300 364 340 cumspectionis
385 303 416 330 et
436 300 634 330 verecundiae
654 299 775 331 laudem
795 300 897 331 valere
918 301 1052 331 arbitror.

233 348 328 385 Quam
350 347 413 378 late
434 347 525 378 Plinii
546 347 648 378 studia
670 348 700 378 in
723 348 853 379 naturali
867 347 995 378 historia
1012 347 1159 378 collocata
1180 349 1339 388 patuerint,
1360 351 1424 378 tum
1440 357 1476 378 ex
1490 348 1687 387 praefationis
1701 348 1774 385 loeo,
1796 357 1884 388 quem

135 394 193 425 huc
214 395 429 435 describamff),
451 399 515 426 tum
536 405 573 426 ex
594 395 692 426 indice
714 406 811 426 rerum
832 399 864 429 et
883 399 1035 426 auctorum
1059 395 1097 426 ab
1119 396 1184 436 ipso
1206 396 1304 435 Plinio
1326 395 1503 436 conscripto,
1530 396 1582 436 qui
1603 396 1753 435 integrum
1774 395 1884 426 librum

135 442 242 482 explet,
264 443 432 483 intelligere
452 443 538 474 lieet:
556 444 621 483 jam
643 444 701 474 etsi
723 443 806 474 dubii
826 443 972 475 sermonis
993 442 1086 474 libros
1107 443 1158 474 tot
1174 445 1326 484 tantisque
1348 444 1448 484 copiis,
1470 443 1579 484 quibus
1601 453 1677 483 opus
1701 443 1773 474 illud
1797 443 1884 474 diffu-

133 500 200 520 sum
222 490 412 530 abundabat,
445 490 602 522 affluxisse
632 502 692 523 non
714 495 760 522 est
780 491 860 532 quod
881 492 1094 530 existimemus,
1116 501 1221 522 verum
1240 495 1342 522 tamen
1364 502 1416 523 eos
1437 492 1468 523 in
1482 490 1622 522 thesauro
1638 490 1883 522 observationum

135 542 165 568 et
191 538 396 579 exemplorum
427 540 504 570 satis
533 541 653 580 copioso
681 539 825 580 largoque
854 539 1009 570 condendo
1038 549 1105 570 esse
1131 543 1270 570 versatos
1297 540 1411 578 frusta,
1438 549 1515 580 quae
1536 539 1574 571 ad
1595 549 1652 570 nos
1673 542 1883 579 pervenerunt,

133 586 370 617 luculentissime
399 587 611 628 ostendunt2).
653 588 771 618 Etenim
798 588 883 617 utin
911 586 995 627 leges
1022 590 1054 618 et
1080 589 1212 618 rationes
1237 586 1351 619 latinae
1378 587 1500 628 linguae
1533 588 1745 627 grammaticas
1779 586 1884 617 dedita

133 645 224 674 opera
235 635 399 675 inquireret
410 640 440 666 et
451 636 588 674 diligenti
603 636 703 667 studio
717 636 836 666 firmum
848 635 906 666 sibi
920 635 1102 675 praesidium
1116 639 1235 675 pararet
1246 635 1284 666 ad
1295 635 1503 676 hujuscemodi
1514 637 1704 676 quaestiones
1715 634 1883 674 disceptan-

138 683 202 720 das,
225 686 289 713 tum
312 683 460 723 plurimos
481 685 641 723 scriptores
662 694 758 714 rerum
780 687 915 714 oratores
935 688 1040 723 poetas
1062 683 1132 714 inde
1159 683 1197 714 ab
1219 684 1430 723 antiquissima
1456 688 1556 715 aetate
1582 683 1800 724 pervestigavit
1818 686 1882 713 tum

134 731 269 760 omnium
292 731 352 761 fere
374 732 636 770 grammaticorum
664 740 700 761 ac
725 731 940 769 litteratorum,
969 731 1019 771 qui
1048 731 1135 762 rebus
1164 732 1368 771 grammaticis
1396 741 1517 771 operam
1537 735 1698 769 navarunt,
1725 733 1883 771 praecepta

133 778 191 808 sub
213 788 338 809 examen
361 779 491 809 vocavit.
533 780 574 809 Ac
595 782 762 818 temporum
784 779 924 819 injuriam
946 780 1106 818 quominus
1126 779 1194 809 libri
1215 778 1272 810 hac
1293 782 1394 810 aetate
1413 778 1585 819 legerentur
1605 779 1740 810 offecisse
1761 788 1797 809 eo
1818 787 1882 808 ma-

133 827 181 866 gis
203 826 364 856 dolendum
387 829 443 864 est,
465 836 524 866 quo
545 827 652 866 quanti
673 826 712 856 ad
732 826 892 857 historiam
913 828 1127 867 grammaticae
1147 827 1259 857 latinae
1274 827 1406 866 penitius
1426 826 1667 866 pertractandam
1688 826 1799 858 fuerint
1818 835 1882 856 mo-

133 874 229 904 menti
249 873 319 904 hinc
341 873 482 914 colligere
501 873 582 913 licet,
604 874 684 914 quod
704 873 853 914 permulta
880 884 975 914 eaque
1001 875 1183 914 gravissima
1207 875 1407 906 vetustiorum
1435 875 1698 914 grammaticorum
1725 877 1883 914 praecepta

131 921 189 952 soli
215 921 315 953 Plinio
341 922 488 953 debentur
499 922 529 962 ⁸)
571 922 670 960 Quid?
698 922 776 962 qnod
808 923 930 953 omnino
959 923 1076 961 omnia,
1109 933 1185 963 quae
1216 923 1253 954 de
1285 922 1463 963 quibusdam
1496 923 1699 963 grammaticis
1733 928 1884 962 comperta

131 970 293 1008 habemus,
320 970 430 1000 hausta
458 975 529 1001 sunt
557 981 573 1001 e
593 970 692 1001 Plinio
704 971 743 1009 ⁴).
785 970 885 1001 Rebus
913 972 956 1000 sic
986 981 1019 1001 se
1046 971 1226 1002 habentibus
1257 971 1296 1002 ab
1329 971 1384 1001 hoc
1414 970 1481 1001 loco
1502 971 1580 1002 haud
1603 971 1734 1002 alienum
1763 970 1884 1005 videtur

133 1027 185 1048 eos
206 1028 332 1057 quorum
354 1018 440 1048 libris
471 1019 677 1058 grammaticis
705 1012 917 1057 percensendis
938 1022 1030 1058 atque
1059 1018 1267 1049 examinandis
1287 1018 1420 1048 Plinium
1449 1029 1568 1058 operam
1599 1028 1729 1049 navasse
1762 1021 1883 1048 constat

132 1076 316 1097 enumerare.
362 1068 403 1096 Ac
434 1067 531 1106 primo
563 1066 684 1105 quidem
716 1065 781 1097 loco
802 1066 1003 1097 nominandus
1025 1070 1071 1097 est
1091 1066 1126 1097 G.
1146 1066 1281 1097 Lucilius
1302 1070 1400 1106 poeta,
1422 1068 1507 1106 cujus
1528 1067 1689 1097 satirarum
1710 1065 1814 1105 libros,
1834 1067 1881 1096 in-

132 1114 238 1154 primis
264 1125 375 1145 nonum
403 1114 439 1143 de
469 1114 558 1144 rebus
586 1115 792 1154 grammaticis
820 1118 960 1153 agentem
989 1115 1020 1144 in
1042 1124 1164 1145 censum
1185 1115 1306 1145 vocavit
1329 1114 1365 1144 cf.
1388 1113 1503 1145 Charis.
1525 1125 1553 1154 p.
1576 1115 1615 1145 78
1635 1113 1671 1144 K.
1697 1115 1728 1145 et
1748 1124 1825 1154 quae
1845 1114 1883 1144 de

132 1161 222 1192 Plinii
245 1172 336 1202 opera
357 1162 473 1192 Lucilio
494 1162 568 1192 data
587 1161 688 1202 paullo
710 1161 789 1192 infra
808 1162 1038 1202 disputabimus.
1076 1162 1152 1193 Tum
1168 1161 1244 1192 Aelii
1263 1161 1427 1202 Stilonis⁵)
1449 1162 1591 1192 Varronis
1612 1162 1749 1201 magistri
1770 1161 1881 1192 doctis-

132 1211 226 1240 simos
255 1212 488 1241 commentarios
514 1221 570 1241 nec
591 1221 651 1241 non
674 1210 785 1241 Aurelii
806 1210 939 1251 Opilii‘)
966 1210 1109 1249 „Musas“
1130 1211 1162 1240 in
1189 1220 1278 1240 usum
1305 1220 1394 1241 suum
1421 1211 1606 1240 convertisse
1633 1210 1761 1241 videtur.
1803 1210 1881 1240 Num

133 1258 260 1288 Santrae
282 1259 490 1298 grammatico,
511 1268 599 1298 quem
621 1259 658 1289 de
680 1258 863 1297 „Verborum
887 1259 1086 1298 antiquitate“
1108 1259 1263 1298 scripsisse
1284 1261 1402 1288 constat
1422 1257 1474 1296 (cf.
1495 1256 1606 1288 Lersch
1628 1257 1651 1288 Ι.
1666 1268 1695 1298 Ρ.
1713 1258 1795 1298 111),
1810 1267 1881 1298 ope-

134 1316 198 1336 ram
218 1307 379 1336 navaverit
393 1309 506 1345 noster,
528 1307 673 1337 incertum
695 1313 750 1344 est,
772 1316 863 1345 quum
879 1306 961 1337 illius
981 1316 1090 1337 nomen
1113 1316 1129 1336 e
1150 1316 1233 1336 mera
1254 1307 1424 1345 conjectura
1443 1304 1568 1336 fluxisse
1588 1309 1731 1345 appareat
1751 1304 1789 1335 cf.
1803 1304 1881 1335 Keil.

134 1354 171 1383 ad
195 1353 310 1385 Charis.
338 1365 368 1394 p.
391 1355 459 1386 139.
499 1354 534 1385 L.
556 1354 684 1385 Cornelii
707 1353 853 1384 Sisennae
878 1353 1087 1384 Plautinarum
1117 1353 1336 1385 comoediarum
1364 1354 1595 1384 commentarios
1622 1352 1822 1393 perlustrasse
1852 1356 1883 1383 et

133 1402 253 1442 singula
273 1406 433 1442 praecepta
453 1402 512 1433 sibi
533 1402 642 1433 idonea
664 1412 699 1432 ex
722 1402 766 1432 eis
786 1401 936 1432 delibasse
957 1401 1075 1432 videtur
1096 1401 1250 1432 Secundus
1260 1402 1300 1441 ⁷).
1349 1401 1442 1432 Porro
1463 1401 1601 1432 Caesaris
1623 1401 1659 1443 de
1679 1400 1821 1439 analogia
1843 1400 1880 1430 li-

133 1449 203 1480 bros
226 1450 457 1490 diligentissime
478 1450 626 1488 adhibuit,
648 1449 677 1480 id
700 1449 778 1489 quod
800 1459 836 1480 ex
858 1459 893 1480 eo
915 1449 1020 1488 elucet,
1049 1449 1129 1489 quod
1157 1459 1218 1480 non
1245 1449 1334 1480 modo
1356 1449 1540 1487 charisium,
1568 1448 1647 1489 apud
1668 1458 1755 1488 quem
1778 1448 1880 1479 decem

131 1497 284 1537 fragmina
312 1498 449 1528 Caesaris
471 1501 584 1535 extant,
616 1497 668 1527 sed
691 1498 781 1527 etiam
803 1498 924 1528 omnino
946 1507 1051 1528 omnes
1077 1496 1227 1527 inferioris
1255 1497 1363 1527 aetatis
1385 1497 1597 1536 grammaticos
1623 1496 1802 1538 nobilissimi
1823 1497 1880 1527 viri

132 1545 299 1576 doctrinam
322 1545 430 1577 debere
451 1545 549 1576 Plinio
571 1548 805 1576 consentaneum
828 1544 920 1583 ew).
955 1544 1024 1575 Jam
1046 1549 1080 1575 ut
1100 1544 1138 1574 ad
1162 1545 1322 1575 Varronem
1344 1548 1508 1583 transeam,
1528 1544 1608 1584 apud
1630 1543 1799 1575 Charisium
1819 1547 1882 1574 tam

130 1593 303 1634 frequenter
323 1594 402 1625 inter
413 1593 555 1625 Pliniana
575 1593 671 1625 frusta
686 1592 832 1624 collocata
853 1593 1049 1623 inveniuntur
1062 1593 1255 1630 Varroniana,
1278 1596 1313 1623 ut
1326 1591 1543 1623 Wilmannsius
1557 1592 1719 1632 praeeunte
1733 1590 1842 1623 Jahuio
1851 1591 1883 1630 ⁹)

133 1651 239 1672 omnes
266 1641 435 1673 Charisiani
457 1643 565 1682 capitis
586 1641 672 1672 XVII
692 1641 784 1680 locos,
814 1641 923 1682 quibus
944 1641 982 1671 de
1002 1640 1022 1671 l.
1043 1641 1063 1672 l.
1083 1640 1227 1671 librorum
1259 1640 1340 1671 facta
1366 1645 1414 1670 est
1434 1641 1560 1679 mentio,
1589 1650 1605 1670 e
1633 1640 1731 1671 Plinio
1756 1639 1882 1670 haustos

133 1699 200 1720 esse
232 1690 451 1729 censueritw).
502 1691 601 1730 Atque
627 1690 748 1720 omnino
777 1692 913 1719 nostrum
935 1689 1077 1719 Varronis
1099 1692 1256 1729 praecepta
1282 1687 1523 1728 diligentissime>
1548 1688 1708 1729 indagasse
1745 1692 1776 1718 et
1806 1697 1883 1728 quae

234 1804 257 1834 ¹)
276 1803 290 1831 5
309 1803 353 1828 17:
378 1801 494 1834 „viginti
513 1801 588 1827 milia
605 1808 692 1828 rerum
711 1801 850 1833 dignarum
869 1808 932 1827 cura
950 1801 1095 1833 (qnoniam,
1117 1804 1148 1827 ut
1165 1801 1205 1827 ait
1222 1801 1358 1827 Domitius
1375 1800 1446 1832 Piso,
1463 1800 1603 1827 thesauros
1621 1803 1728 1834 oportet
1746 1807 1812 1830 esse,
1830 1807 1883 1825 non

133 1843 222 1874 libros)
240 1843 357 1869 lectione
375 1842 539 1868 voluminum
563 1841 671 1868 circiter
695 1842 774 1868 duum
799 1841 907 1873 milium,
931 1848 1040 1873 qnorum
1058 1849 1144 1873 panca
1166 1841 1307 1868 admodum
1328 1840 1440 1867 studiosi
1457 1841 1599 1874 attingunt
1620 1843 1730 1874 propter
1752 1842 1882 1866 secretum

131 1883 278 1909 materiae“
1476 1895 1479 1898 ⁴
1851 1894 1855 1898 ·

232 1903 314 1953 -)Cl'.
333 1922 478 1949 Detlefsen.
496 1922 513 1948 l.
530 1922 546 1948 l.
567 1930 592 1955 p.
610 1923 666 1948 697

231 1964 256 1993 ⁸)
275 1963 392 1989 Gramm.
410 1962 469 1988 Lat.
487 1961 527 1988 ed.
546 1962 580 1988 Κ.
598 1962 628 1988 V.
646 1970 670 1995 p.
688 1963 744 1988 318.
769 1962 893 1988 Wilman.
911 1962 928 1988 l.
946 1962 962 1988 l.
980 1970 1004 1995 p.
1022 1963 1051 1988 31
1071 1969 1126 1994 sqq.
1144 1970 1169 1995 p.
1188 1963 1241 1988 151.
1266 1962 1429 1988 Schottmiill.
1448 1962 1464 1988 l.
1484 1962 1500 1987 1.
1518 1969 1543 1994 p.
1560 1962 1598 1987 40.

231 2005 255 2033 4)
274 2002 379 2028 Videsis
396 2002 487 2028 Neum.
506 2010 531 2035 p.
548 2003 587 2028 32.

232 2041 550 2075 ³)Charis.p.84.l29.
569 2044 618 2070 130
634 2043 667 2069 Κ.
692 2043 862 2069 Schottmiill.
881 2043 897 2068 1.
915 2043 931 2068 l.
950 2051 974 2075 p.
992 2043 1031 2069 21.
1049 2043 1088 2069 39.
1107 2043 1173 2069 Gell.
1192 2042 1223 2068 N
1241 2043 1272 2068 A.
1290 2041 1362 2068 XVI.
1379 2043 1403 2069 8.
1427 2041 1513 2069 Varro
1532 2042 1556 2068 d.
1574 2039 1782 2073 1.1.V1.'p.80.
1801 2040 1882 2073 (Bip.)

230 2083 374 2114 ⁸)Charis.
392 2083 474 2114 Ρ.84.
492 2083 546 2109 128.
565 2084 599 2109 K.
620 2082 791 2109 Schottmiill.
809 2083 860 2108 l.l.
879 2083 948 2109 Gell.
966 2083 996 2108 N.
1014 2084 1045 2108 A.
1064 2083 1084 2108 Ι.
1102 2084 1142 2109 25.
1169 2083 1240 2108 Suet.
1260 2082 1292 2108 de
1310 2082 1348 2108 ill.
1365 2089 1406 2115 gr.
1425 2090 1445 2108 c.
1462 2083 1487 2108 6.
1511 2082 1658 2137 Praeterea
1673 2080 1776 2107 Aurelii
1788 2087 1883 2106 nomen

133 2122 234 2156 legitur
251 2123 322 2155 apud
340 2123 488 2149 Charisium
507 2131 531 2157 p.
551 2124 598 2149 122
615 2124 657 2153 Κ.,
675 2123 707 2149 de
726 2130 778 2155 quo
797 2123 853 2149 loco
871 2123 945 2149 nobis
963 2123 1030 2149 alias
1048 2123 1230 2149 disserendum
1248 2122 1308 2149 crit.

229 2165 254 2195 ⁷)
273 2163 377 2190 Charis.
395 2171 420 2196 Ρ,
438 2164 493 2190 107.
512 2164 560 2190 120
576 2164 610 2190 Κ.
633 2164 746 2190 Ritschl.
765 2163 796 2190 (le
814 2163 904 2189 Plauti
922 2164 1112 2197 interpretibus
1131 2165 1144 2194 5
1161 2165 1232 2190 7—9.

228 2204 337 2233 ⁸)Keil.
356 2204 384 2230 in
402 2203 486 2236 praef.
504 2204 621 2235 Pompeji
640 2211 664 2235 Ρ.
682 2205 722 2230 93.
745 2204 909 2229 Schottmiill.
927 2204 945 2229 l.
962 2204 979 2229 l.
998 2212 1021 2236 Ρ,
1040 2205 1072 2229 39
1089 2211 1146 2235 sqq
1168 2204 1260 2229 Nenm.
1278 2204 1295 2229 l.
1312 2204 1329 2229 l.
1347 2212 1370 2236 p.
1388 2204 1427 2229 20.

233 2244 305 2276 ⁹)O.
322 2243 401 2269 Jahn.
420 2244 447 2269 in
465 2243 687 2269 commentatione
710 2244 768 2274 „iib.
793 2243 1037 2270 d.kunsturthei1e
1059 2243 1083 2269 d.
1101 2243 1221 2269 Plinius‘
1239 2244 1267 2270 in
1285 2244 1309 2269 d
1327 2244 1380 2270 ber.
1404 2243 1427 2269 d.
1450 2244 1475 2269 k.
1497 2249 1517 2268 s.
1535 2249 1591 2275 ges.
1615 2242 1639 2267 d.
1662 2242 1732 2268 wiss
1752 2241 1787 2266 11.
1794 2233 1881 2267 1850.

227 2325 266 2356 ¹)
284 2324 411 2350 Wilman.
431 2324 446 2349 l.
465 2323 482 2349 l.
500 2331 524 2356 p.
542 2324 571 2351 31
591 2331 646 2356 sqq.
666 2325 703 2351 78.
723 2325 777 2351 151.
