2160 2697
1040 160 1089 194 Μ

198 265 376 297 definitores
392 274 454 304 nou
473 269 537 296 tam
557 265 589 295 in
609 264 728 295 ratione
749 273 857 302 mare,
878 273 971 304 qusm
989 264 1022 293 in
1036 263 1141 294 ordine
1159 263 1328 301 verborum,
1350 267 1384 294 ut
1397 263 1528 294 dicerent
1545 273 1692 304 personas
1712 261 1939 303 pronominibus

197 313 344 352 soeidsrc,
359 311 549 344 eumdicore
564 311 753 351 debuissent,
773 312 862 343 finita
883 311 1066 351 pronomina
1084 320 1146 341 non
1167 311 1296 351 recipere
1321 312 1407 350 quasi
1436 311 1555 342 aliunde
1575 321 1730 351 personas.
1770 311 1940 350 Numquam

199 361 496 394 uin-huniam·
521 361 587 392 siue
612 361 748 402 personis
774 359 975 392 accidentia&
1014 358 1128 397 Quibus
1151 359 1182 390 in
1210 358 1284 390 locis
1308 360 1365 390 etsi
1388 359 1554 401 Stoicorum
1575 360 1697 390 omuino
1727 359 1839 390 mentio
1859 358 1942 389 iacta

200 413 250 441 est
263 408 362 449 nulla,
382 413 483 440 men
504 419 522 440 e
543 409 645 440 Stoica
664 407 829 449 disciplina.
846 406 926 439 hane
945 406 1099 438 finitorum
1119 410 1151 438 et
1169 408 1357 438 infinitorum
1378 407 1598 440 distinctionem
1620 412 1717 439 ortam
1744 417 1812 438 esse
1831 416 1940 447 prono-

199 457 516 490 mina-*tuti'moniis
535 461 670 489 veterum
690 456 952 497 grammaticorum
973 455 1064 486 etiam
1085 454 1184 487 levius
1197 456 1339 496 inspectis
1360 457 1428 496 quis
1449 460 1496 487 est
1515 458 1566 496 qui
1587 459 1695 496 neget?
1733 455 1778 486 cf.
1792 455 1939 485 Priscian.

201 517 231 547 p.
261 506 303 538 54
332 505 384 537 IL:
432 505 619 546 „Secundum
648 505 765 537 Stoicos
799 513 872 535 vero
907 504 1038 544 quinque
1074 508 1144 535 sunt
1181 506 1246 545 ejus
1279 508 1394 545 partes:
1438 515 1560 544 nomen,
1595 504 1772 545 appellatio,
1806 503 1945 540 verbum,

150 591 155 595 ι
201 555 452 594 prono-enain
472 553 626 591 articulus,
654 552 822 592 conjunctio
842 574 852 583 .
865 573 874 583 .
889 575 897 583 .
912 575 922 583 .
941 552 1076 583 articulis
1097 557 1198 583 autem
1219 553 1397 593 pronomina
1418 557 1667 584 connumerantes
1686 553 1790 583 finitos
1811 550 1849 583 ea
1868 552 1941 583 arti-

202 602 286 634 culos
301 601 503 644 appellabant,
522 602 607 643 ipsos
624 604 726 632 anm
745 600 896 640 articulos,
916 599 1026 641 quihus
1040 611 1096 631 nos
1117 610 1262 640 caremus,
1283 601 1418 632 infinitos
1433 601 1574 632 articulos
1595 601 1736 632 dicebaut
1755 599 1816 639 vel,
1837 604 1872 630 ut
1889 599 1942 631 alii

201 651 311 691 dicunt,
339 650 483 683 articulos
502 648 760 681 connunerabant
777 649 1001 690 pronominibus
1021 653 1053 680 et
1068 648 1245 681 articularia
1265 659 1318 681 eos
1337 650 1515 690 pronomina
1534 649 1703 688 vocabant,
1732 649 1763 681 in
1791 658 1852 689 quo
1873 648 1942 679 illos

200 699 299 731 adhuc
317 700 472 738 sequimur
490 698 761 738 Latini-quamvis
775 698 909 737 integros
929 698 960 728 in
981 702 1084 729 nostra
1104 707 1164 729 non
1178 699 1349 729 invenimus
1363 698 1505 729 articulos
1526 698 1659 738 lingua“.
1680 697 1753 729 ibid.
1767 709 1796 738 p.
1810 698 1871 729 548
1886 697 1942 728 H.:

201 747 314 787 „susci
327 746 414 778 enim
434 745 582 786 quomodo
603 745 762 777 articulum
782 749 813 777 et
831 755 994 786 pronomen
1020 756 1111 776 unam
1130 749 1246 786 partem
1268 747 1413 776 orationis
1434 746 1629 785 accipiebant,
1651 746 1808 776 infinitum
1829 746 1942 776 articu-

199 795 276 826 lnm=
289 798 450 833 voc-ntes,
475 804 564 834 quem
589 795 777 835 grammatici
802 793 962 825 articulum
982 817 991 825 .
1005 817 1013 825 .
1029 817 1037 825 .
1053 817 1062 825 .
1089 794 1222 834 (finitum
1255 798 1355 825 autem
1384 793 1541 825 articulum
1569 794 1709 825 dicebant
1733 793 1811 825 idem
1840 793 1943 831 Stoici,

199 842 279 883 qnod
299 852 383 873 nunc
399 851 563 883 pronomen
583 852 726 873 vocamus
745 842 874 880 finitum,
895 841 975 881 quod
995 846 1027 872 et
1046 852 1120 873 vera
1139 843 1255 873 ratione
1282 842 1379 872 solum
1401 852 1563 882 pronomen
1585 847 1632 873 est
1652 842 1819 873 dicendum.
1861 842 1941 881 Ergo

199 891 332 923 Romani
351 901 470 932 qnoque
489 891 599 926 artium
619 891 779 932 scriptores
798 890 966 922 Stoicorum
996 891 1115 931 sequuti
1142 891 1240 931 magis
1269 890 1461 921 traditionem
1488 891 1666 931 pronomina.
1692 890 1778 921 finita
1802 889 1942 921 dixerunt

199 944 231 971 et
249 939 377 978 infinita,
400 949 471 970 nam
492 939 633 970 articulos
652 949 713 970 non
733 938 860 977 habent)
871 939 910 979 ι).
952 939 1021 970 Jam
1042 949 1205 979 quamnam
1230 940 1377 969 rationem
1397 939 1463 969 sive
1482 938 1719 979 philosophicam
1748 940 1814 970 sive
1841 949 1941 979 gram·

199 988 342 1020 maticam
361 990 509 1028 sequutus
528 991 631 1018 noster
651 986 812 1028 Chrysippi
832 990 1029 1025 sectatorum,
1057 996 1182 1027 quorum
1209 987 1348 1027 vestigiis
1368 986 1521 1017 Romanos
1547 987 1684 1027 inprimis
1711 987 1874 1017 Varronem
1894 988 1942 1017 in·-

199 1045 319 1078 grsssos
340 1045 408 1068 esse
428 1036 621 1077 accepimus,
641 1035 809 1070 doctrinam
829 1035 886 1067 sub
908 1044 1033 1067 examen
1054 1035 1219 1066 vocandam
1242 1039 1273 1066 et
1292 1034 1487 1066 refellendam
1508 1036 1687 1076 susceperit,
1714 1035 1766 1066 vix
1787 1045 1839 1076 pro
1861 1040 1941 1066 certo

197 1085 249 1116 vel
268 1084 573 1125 verisimiliproponi
593 1085 720 1124 poterit:
746 1084 856 1124 pendet
876 1094 947 1115 vcro
968 1084 1008 1114 ab
1028 1083 1085 1115 hac
1105 1084 1307 1124 disputatione
1328 1084 1429 1123 procul
1450 1084 1540 1115 dubio
1561 1084 1644 1123 illud,
1667 1084 1746 1124 quod
1767 1084 1866 1116 Plinio
1887 1085 1942 1115 tri-

198 1133 263 1164 buit
283 1131 400 1163 Probus
420 1131 464 1173 (p.
486 1132 545 1163 133
564 1132 634 1172 K.):
653 1142 748 1171 „sane
766 1131 825 1162 hoc
838 1141 1006 1170 monemus,
1026 1131 1105 1171 quod
1119 1131 1236 1162 Plinius
1252 1132 1405 1163 Secundus
1420 1131 1468 1162 hic
1484 1135 1555 1162 tuuc
1569 1132 1667 1163 voluit
1682 1133 1747 1163 rdici
1766 1141 1942 1172 pronomen,

199 1180 320 1221 qinndo
342 1179 439 1212 solum
459 1181 605 1221 reperitur
625 1180 774 1219 declinari,
795 1183 830 1211 ut
849 1183 924 1221 puta
943 1179 991 1211 hic
1011 1179 1100 1221 hujus
1122 1184 1152 1211 et
1172 1184 1271 1211 cetera
1291 1180 1465 1220 sequentia3
1492 1183 1526 1211 at
1545 1189 1617 1212 vero
1639 1181 1666 1212 si
1687 1190 1754 1212 cum
1774 1179 1837 1211 alia
1856 1184 1942 1220 parte

199 1228 342 1259 orationis
362 1228 534 1259 inveniatur
552 1228 704 1266 declinari,
724 1228 888 1258 articulum
904 1228 1057 1267 appellari,
1078 1233 1114 1259 ut
1132 1232 1208 1268 puta
1226 1228 1276 1258 hic
1295 1229 1369 1259 Cato
1390 1228 1481 1268 hujus
1502 1228 1626 1260 Catonis
1647 1234 1678 1260 et
1696 1234 1796 1260 cetera
1809 1239 1941 1269 sequen·

198 1277 251 1308 tia.
292 1275 353 1308 Sed
379 1273 457 1307 haec
484 1275 624 1307 discretio
653 1285 673 1306 a
704 1274 802 1307 Plinio
824 1274 963 1306 Secundo
993 1276 1108 1306 cunctis
1134 1276 1211 1306 artis
1233 1275 1382 1307 latoribus
1409 1285 1593 1316 supervacue
1619 1277 1689 1307 visa
1713 1281 1761 1307 est
1788 1277 1943 1314 constitui,

198 1326 226 1356 si
246 1325 368 1365 quidem
389 1325 488 1356 omnis
509 1325 604 1356 oratio
625 1329 692 1356 octo
710 1323 848 1364 partibus
860 1327 979 1355 tantum
997 1324 1137 1355 instituta
1157 1325 1198 1356 sit
1211 1325 1420 1365 pronuntiari“
1432 1325 1472 1365 ¹).
1503 1324 1619 1356 Dixerit
1631 1324 1759 1356 forsitan
1780 1324 1941 1366 quispiam,

198 1384 219 1404 a
229 1374 348 1403 ratione
364 1376 396 1403 et
412 1378 588 1412 argumento
604 1373 688 1402 dubii
704 1373 852 1403 sermonis
864 1371 1008 1403 librorum
1021 1371 1228 1412 hujuscemodi
1241 1372 1279 1404 de
1289 1373 1425 1412 partibus
1436 1375 1581 1404 orationis
1596 1374 1814 1414 disputationes
1828 1373 1943 1414 longis-

199 1422 274 1452 sime
295 1420 405 1452 abc-se
420 1420 548 1461 ideoque
573 1420 649 1452 haec
674 1430 692 1451 c
717 1421 886 1461 conjectura
911 1419 1024 1451 hausta
1051 1423 1083 1451 et
1103 1420 1215 1451 diserto
1243 1423 1386 1451 veterum
1411 1422 1583 1453 testimonio
1610 1421 1845 1461 haudquaquam
1869 1430 1942 1452 con·

197 1470 319 1501 firmata
338 1472 441 1500 nostm
461 1469 656 1501 verisimilius
676 1469 767 1501 tribui
787 1478 848 1501 non
866 1477 966 1510 posse.
1011 1470 1051 1500 At
1077 1473 1195 1501 veteres
1221 1470 1312 1501 etiam
1335 1470 1510 1510 posterioris
1537 1471 1648 1502 aetatis
1667 1470 1882 1511 grammaticos
1901 1469 1940 1501 de

197 1517 334 1559 partibus
354 1517 500 1548 orationis
519 1517 645 1558 agentes
666 1518 704 1548 de
723 1516 950 1558 pronominibus
971 1518 1164 1557 potissimum
1185 1519 1378 1558 quaestiones
1399 1520 1569 1550 instituisse
1592 1523 1623 1550 et
1642 1530 1680 1550 ex
1693 1529 1817 1550 numero
1838 1530 1942 1550 eorum

196 1567 272 1598 haec
301 1567 380 1597 inter
405 1565 549 1606 „dubia“,
580 1564 643 1598 illa
666 1567 745 1598 inter
776 1564 1025 1605 ‚‚indubitabilia“
1054 1565 1208 1597 rettulisse
1238 1566 1416 1598 testificatur
1436 1564 1618 1605 Priscianus,
1648 1567 1699 1608 qui
1720 1566 1840 1598 exhibet
1854 1567 1943 1607 (Par-

197 1616 246 1646 tit.
266 1615 325 1646 XII
344 1624 423 1646 vers.
455 1614 569 1646 Aeneid
588 1626 617 1655 p.
638 1616 697 1647 501
719 1615 772 1654 Η.)
792 1613 881 1645 haec:
903 1637 921 1653 ‚‚
942 1614 1026 1652 Quae
1046 1618 1120 1646 sunt
1138 1614 1250 1646 dubia?
1292 1616 1375 1654 Quae
1397 1617 1484 1647 stoici
1506 1615 1626 1656 quidem
1640 1617 1843 1657 antiquissimi
1864 1618 1943 1647 inter

199 1662 364 1695 articulos.
382 1684 390 1693 .
404 1662 564 1702 ponebant,
585 1662 716 1694 Romani
735 1666 837 1693 autem
856 1663 934 1693 inter
952 1663 1130 1702 pronomina
1149 1664 1268 1694 infinita
1287 1664 1336 1694 vel
1357 1665 1573 1704 interrogativa
1593 1663 1642 1694 vel
1663 1664 1792 1695 relativa
1810 1664 1860 1695 vel
1875 1665 1942 1696 red-

199 1713 303 1750 ditiva,
324 1711 490 1749 Dionysius
510 1721 582 1742 vero
604 1715 635 1742 et
654 1710 828 1751 Apollonius
848 1713 880 1742 et
899 1710 1089 1742 Herodianus
1106 1711 1327 1743 rationabiliter
1342 1712 1584 1743 inte1·nomina“.
1618 1712 1717 1750 Quum
1737 1713 1769 1743 in
1791 1712 1848 1744 hoc
1868 1722 1942 1753 quo·

198 1771 255 1800 que
274 1759 340 1790 loco
363 1763 395 1790 et
416 1759 585 1790 Stoicorum
604 1764 636 1790 et
655 1758 763 1790 horum
783 1759 820 1790 de
839 1759 1066 1799 pronominibus
1086 1759 1238 1791 doctrinae
1258 1762 1369 1791 mentio
1393 1761 1464 1799 fiat,
1496 1760 1627 1791 Plinium
1648 1761 1685 1791 de
1706 1762 1853 1792 orationis
1873 1772 1943 1801 par·

197 1809 273 1840 tium
301 1807 436 1849 inprimis
461 1807 670 1848 pronominum
696 1806 888 1838 distinctione
909 1811 938 1838 et
960 1806 1135 1838 definitione
1155 1807 1337 1838 familiarum
1364 1808 1605 1839 contentionibus
1630 1810 1661 1839 in
1683 1808 1807 1839 dubium
1828 1808 1939 1840 vocata

195 1859 255 1896 ita,
286 1862 322 1888 ut
342 1856 451 1888 Stoicis
477 1861 508 1887 et
534 1857 561 1887 si
590 1856 682 1896 probe
701 1860 931 1897 argumentatus
950 1866 1016 1887 sum
1037 1856 1208 1888 Dia-lecticis
1229 1857 1407 1888 adversatus
1428 1858 1585 1898 utriusque
1605 1856 1726 1889 scholae
1740 1858 1943 1891 ratiocinatio-

198 1914 254 1936 nes
274 1904 437 1945 infringere
458 1907 630 1943 conaretur,
658 1904 837 1935 tractavisse
857 1914 975 1935 summa
1001 1914 1068 1934 eum
1089 1905 1351 1936 verisimilitudine
1378 1907 1551 1942 statue1·im;
1577 1906 1655 1946 quod
1676 1917 1744 1937 cum
1765 1912 1942 1946 argumento

197 1953 280 1986 dubii
299 1953 447 1987 sermonis
467 1951 609 1985 librorum
630 1957 699 1994 apte
719 1962 882 1994 congruere
900 1953 1105 1994 unusquisque
1125 1952 1219 1992 videt.

198 2072 258 2092 nom
279 2065 366 2092 nostri
388 2065 518 2093 rationem
540 2065 771 2099 complecteretur,
793 2064 942 2091 translatus
964 2068 1006 2092 est
1028 2072 1043 2092 e
1060 2065 1148 2092 Plinio
1169 2066 1202 2092 ab
1220 2065 1288 2092 artis
1305 2069 1427 2098 auctore,
1445 2066 1472 2092 id
1491 2066 1561 2099 qnod
1577 2067 1697 2100 pluribus
1714 2067 1785 2094 inter
1801 2070 1941 2099 utrumque

198 2106 374 2139 scriptoribus
392 2107 619 2133 intercedentibus
636 2114 700 2132 sane
716 2113 770 2132 non
787 2108 830 2132 est
847 2105 950 2132 mirum.

297 2147 318 2176 ¹)
334 2146 472 2177 „Finitus“
489 2156 521 2170 =
537 2145 726 2179 ,,ὦρισμὲνος“,
743 2145 895 2177 ,‚infinitus“
912 2156 944 2170 =
960 2146 1158 2180 ,,αόριστώδης“
1181 2146 1215 2172 cf.
1232 2147 1355 2179 Apollon.
1373 2147 1405 2172 de
1423 2155 1495 2179 pron.
1513 2155 1538 2180 p.
1555 2149 1603 2174 264
1620 2148 1728 2180 (Wolf›;
1749 2148 1781 2174 de
1798 2151 1940 2173 construet.

198 2188 218 2218 Ι,
235 2188 280 2219 34;
298 2186 344 2212 sed
361 2193 465 2217 vereor,
490 2193 524 2212 ne
549 2185 738 2218 quodammodo
755 2186 931 2212 Romanorum
958 2186 1190 2219 grammaticorum
1212 2186 1334 2212 doctrina
1350 2194 1366 2212 a
1383 2187 1510 2219 primaria
1527 2187 1682 2219 Stoicorum,
1706 2195 1785 2220 qusm
1801 2187 1830 2214 in
1847 2187 1941 2214 horum

196 2227 313 2254 inventis
330 2226 400 2253 alius
416 2226 498 2252 alium
515 2225 718 2258 deprehendisse
734 2233 839 2253 sensum
856 2226 908 2253 sibi
924 2227 998 2253 visus
1015 2227 1058 2259 sit,
1076 2227 1180 2254 ratione
1197 2226 1346 2254 abhorreat.

295 2270 319 2298 2)
337 2267 393 2300 Quo
411 2266 490 2293 Probi
514 2266 573 2292 loco
596 2267 684 2293 fretus
701 2266 822 2294 Osannus
839 2268 926 2298 (Anal.
944 2267 999 2295 litt.
1015 2267 1053 2299 11,
1071 2275 1097 2301 p.
1114 2269 1170 2299 178)
1187 2267 1301 2294 Plinium
1323 2275 1417 2295 novem
1438 2268 1567 2295 orationis
1585 2272 1676 2302 partes
1692 2268 1824 2295 statuisse
1842 2269 1938 2295 verisi-

196 2308 258 2334 mile
275 2307 361 2339 ducit3
378 2307 425 2332 sed
441 2306 488 2337 eis,
506 2314 574 2338 quae
586 2313 666 2338 supra
683 2307 716 2332 de
732 2308 945 2340 ‚,appellatione“
963 2312 992 2334 et
1007 2308 1168 2340 ,‚voeabulo·‘
1185 2309 1218 2334 ad
1235 2312 1405 2341 praeceptum
1422 2309 1637 2336 conformandum
1649 2309 1779 2336 adhibitis
1791 2310 1940 2344 disputavi·

196 2355 263 2379 inus,
280 2347 425 2381 pensitatis
441 2346 498 2373 viro
514 2346 547 2372 de
563 2353 591 2372 re
609 2346 784 2378 grammatica
800 2347 898 2381 optime
915 2346 1010 2375 merito
1028 2348 1174 2381 suffragari
1191 2356 1242 2375 non
1259 2349 1352 2375 ausim.
