2160 2697
191 272 258 307 sive
284 270 454 303 anomaliae
484 270 606 303 licentia
625 271 749 310 valeret,
781 281 818 302 oa
849 269 1054 301 controversia
1075 268 1204 300 Romam
1229 267 1375 299 translata
1406 267 1530 298 ducibus
1550 266 1707 307 Cratete²)
1729 271 1760 297 et
1774 266 1901 306 Didymo
1910 266 1941 306 ²)

194 321 288 360 primo
310 319 430 360 quidem
451 319 487 351 G.
507 319 580 351 Julii
600 319 738 351 Caesaris
765 319 946 350 auctoritate
972 316 1085 348 factum
1110 320 1176 356 est,
1197 319 1270 361 uta
1290 316 1364 347 viris
1392 317 1537 347 seimonis
1563 316 1650 360 latini
1671 316 1817 347 studiosis
1838 317 1943 348 analo-

194 369 263 408 giae
282 367 384 409 palma
399 367 616 399 concederetur.
648 367 725 398 Tum
747 366 889 397 Varronis
910 365 968 396 viri
988 365 1066 395 inter
1086 374 1191 396 omnes
1210 364 1363 396 Romanos
1378 364 1542 395 doctissimi
1559 364 1696 395 doctrina
1716 365 1819 404 vigere
1834 366 1942 405 coepit.

195 416 254 454 Qui
275 416 332 447 etsi
344 416 373 456 ⁸)
394 414 552 456 analogiae
572 425 738 453 summam,
766 417 867 445 tamen
889 413 1097 444 consuetudini
1124 412 1312 453 aliquantum
1339 411 1560 451 concedendum
1586 422 1654 443 esse
1675 413 1801 443 censuit.
1843 413 1939 451 Quam

198 465 346 495 rationem
366 466 401 494 ut
421 467 564 502 tueretur,
585 462 741 503 subtiliore
762 461 924 493 definiendi
943 461 1032 492 modo
1053 470 1126 492 usus
1147 464 1204 499 est,
1233 461 1277 491 its
1300 464 1335 491 ut
1361 461 1439 491 inter
1460 460 1664 500 „analogiam,
1693 471 1783 501 quam
1805 463 1941 502 sequitur

193 511 342 553 populus“
356 515 386 543 et
399 522 489 553 quam
511 511 642 552 „singuli
658 521 675 541 e
689 510 817 551 populo“
840 515 1015 551 sequuntur,
1035 510 1115 540 inter
1134 508 1380 540 consuetudinem
1395 518 1466 539 vero
1488 518 1568 548 „qua
1588 509 1703 549 antiqui
1725 510 1772 540 usi
1794 512 1886 541 sunt⁴²
1907 517 1940 542 et

198 571 278 601 „qua
292 569 371 592 nunc
391 561 532 599 utimur“‚
554 560 682 600 denique
703 569 782 599 „qua
801 562 908 599 poetae
929 559 1072 590 utuntur-‘⁴
1093 558 1282 589 discerneret.
1332 558 1367 588 In
1388 557 1472 588 libris
1494 557 1531 587 de
1552 567 1707 595 „sermone
1729 558 1843 590 latino“
1865 559 1938 590 Var-

195 619 301 640 ronem
322 618 342 640 a
362 608 484 648 diversa
503 609 620 640 ratione
639 607 804 647 profectum
825 616 891 638 esse
911 610 1049 647 apparot:
1069 616 1198 646 namque
1219 616 1255 637 eo
1269 606 1421 646 processit,
1442 608 1476 636 ut
1496 605 1654 646 anologiae
1673 611 1790 646 praeter
1812 617 1939 638 consue-

195 656 329 687 tudinem
352 659 516 697 opponeret
542 656 752 686 auctoritatem
773 655 793 685 i.
815 665 841 686 e.
862 658 996 686 veterum
1017 664 1105 685 usum
1130 654 1271 694 loquendi
1297 654 1347 685 vel
1374 653 1535 691 scribendi,
1561 663 1639 693 quae
1667 655 1697 684 in
1719 655 1803 686 libris
1824 655 1861 686 de
1883 656 1901 686 l.
1918 656 1938 687 l.

191 714 341 744 nusquam
362 703 538 743 occari-iv).
579 703 725 742 „Constat
745 713 815 744 ergo
835 702 948 734 latinus
968 713 1065 733 sermo
1086 706 1195 733 natura
1214 702 1355 742 analogia
1376 701 1590 733 consuetudine
1611 703 1809 733 auctoritate“
1822 704 1862 744 ⁵).

291 751 374 781 Haec
393 751 487 791 igitur
507 755 635 791 quatuor
656 752 804 781 sermonis
824 751 913 781 latini
933 750 1131 781 fundamenta
1151 751 1260 789 jecisse
1286 750 1406 780 videtur
1430 749 1471 779 M.
1493 749 1666 787 Terentius,
1695 754 1743 788 ut,
1771 761 1849 790 quae
1870 762 1936 782 cum

196 799 279 831 hisce
300 799 513 840 consentirent,
535 798 696 839 sequenda,
718 808 795 838 quae
812 797 922 829 horum
942 799 995 829 uni
1016 800 1225 838 repugnarent,
1252 796 1411 837 rejicienda
1431 800 1534 827 essent
1560 798 1625 837 puri
1646 796 1853 841 elegantisque
1873 809 1937 830 ser-

192 848 292 878 monis
313 846 468 878 studiosis.
499 847 575 885 -Quo
596 847 741 887 principia
760 847 792 877 in
813 846 912 877 medio
933 846 1086 887 proposita
1106 845 1278 885 diligentius
1306 845 1493 876 examinaret
1518 848 1550 875 et
1574 845 1702 885 singula,
1731 856 1808 886 quae
1829 857 1866 877 ex
1890 848 1937 879 his

193 895 322 935 pendere
342 894 543 933 intellexerat,
565 895 712 926 curiosius
739 898 976 935 persequeretur,
1004 894 1079 924 satis
1099 893 1228 934 amplam
1257 893 1415 924 verborum
1437 893 1545 924 silvam
1574 893 1727 924 collectam
1749 894 1936 937 adhibuit‘).

192 943 294 974 Rediit
320 943 364 973 sic
391 941 612 982 quodammodo
643 942 681 974 ad
708 943 768 973 ista
793 942 1060 973 Alexandrinorum
1095 945 1126 972 et
1153 942 1404 983 Pergamenorum
1432 943 1694 981 grammaticorum
1731 943 1846 974 studia:
1884 946 1936 984 qui

192 1001 284 1031 quum
305 991 363 1022 arti
384 991 504 1021 criticae
526 1000 645 1030 operam
666 994 816 1022 navarent
843 994 873 1021 et
899 989 956 1021 hoc
980 990 1170 1030 potissimum
1192 992 1375 1030 spectarent,
1404 993 1440 1020 ut
1466 988 1503 1020 de
1524 993 1679 1029 poetarum
1701 993 1885 1030 praestantia
1904 998 1936 1023 et

193 1039 230 1070 de
252 1038 380 1080 singulis
401 1048 503 1069 eorum
524 1038 599 1070 locis
620 1040 685 1070 sive
706 1039 844 1079 genuinis
865 1039 931 1069 sive
953 1039 1155 1078 suppositiciis
1171 1037 1286 1078 judicia
1306 1038 1445 1081 iacerent,
1468 1048 1528 1068 non
1549 1037 1638 1068 modo
1660 1048 1748 1069 omne
1769 1041 1935 1071 carminum

192 1097 288 1128 genus
308 1086 411 1117 dedita
431 1096 521 1126 opera
540 1086 761 1126 percensebant,
783 1086 837 1117 sed
859 1088 949 1117 etiam
970 1096 1087 1123 causas,
1109 1095 1187 1126 quae
1208 1086 1246 1116 ad
1260 1085 1394 1125 linguam
1410 1086 1654 1116 conformandam
1670 1086 1813 1125 valerent,
1835 1088 1934 1128 leges·

193 1144 250 1175 que
271 1134 418 1165 sermonis
438 1133 668 1175 diligentissime
695 1134 899 1174 exquirebant.
946 1134 1161 1171 Quaestionum
1189 1132 1374 1172 singularum
1402 1134 1486 1172 copia
1511 1143 1606 1172 eaque
1632 1134 1782 1176 uberrima
1810 1139 1874 1165 tum
1904 1139 1935 1166 iu

191 1185 348 1223 poetarum
368 1183 589 1224 commentariis
603 1186 668 1214 tum
694 1183 723 1213 in
738 1182 938 1223 peculiaribus
958 1180 1269 1224 commentatiunculis
1290 1182 1518 1221 peiscriptarum
1540 1182 1653 1212 sensim
1674 1183 1845 1226 sensimque
1865 1194 1935 1216 coa-

193 1233 314 1261 cervata
328 1230 442 1260 factum
464 1234 519 1268 est,
541 1235 575 1261 ut
594 1231 799 1270 amplissimus
820 1230 1062 1261 observationum
1083 1230 1343 1269 grammaticarum
1357 1229 1517 1259 thesaurus
1539 1231 1613 1260 viris
1633 1235 1754 1270 praesto
1777 1238 1858 1263 esset
1879 1233 1935 1263 hu-

189 1280 241 1319 jus
261 1279 335 1310 artis
349 1276 515 1320 studiosis:
536 1288 598 1318 qua
617 1279 648 1309 in
660 1287 703 1308 <re
722 1278 781 1309 etsi
799 1278 943 1319 <⁴Varronis
963 1281 994 1308 et
1013 1277 1227 1319 Romanorum,
1243 1277 1403 1317 ,quipost
1428 1287 1499 1312 eum
1520 1276 1694 1317 floruerunt,
1721 1282 1934 1319 grammatico-

191 1337 258 1357 rum
278 1326 380 1358 studia
398 1336 461 1357 non
486 1330 549 1358 tam
575 1327 637 1358 late
655 1330 816 1367 patuerunt
842 1337 933 1366 quam
960 1326 1139 1358 Graecorum
1159 1324 1331 1364 hominum,
1360 1329 1460 1356 tamen
1482 1325 1521 1356 Μ.
1543 1325 1717 1358 Terentium
1737 1328 1836 1358 virum
1855 1329 1935 1365 inter

192 1376 274 1405 cives
288 1384 367 1415 *suos
393 1373 688 1416 πολυγραφῶτατον
712 1374 820 1405 horum
840 1374 1027 1414 diligentiam
1055 1378 1086 1404 et
1106 1374 1314 1405 assiduitatem
1335 1383 1482 1414 aequasse
1510 1375 1578 1414 quis
1600 1379 1647 1405 est
1668 1376 1718 1414 qui
1740 1380 1847 1416 neget?
1889 1378 1935 1409 Ad

192 1420 351 1453 eonsilium
371 1431 407 1453 ac
427 1422 572 1454 rationem
594 1421 870 1462 Alexandrinorum·
882 1422 974 1453 etiam
1001 1422 1123 1462 propius
1144 1426 1334 1453 accesserunt
1354 1421 1457 1453 studia
1477 1421 1517 1452 M.
1538 1421 1648 1452 Valerii
1668 1422 1759 1453 Probi
1780 1423 1894 1463 Berytii
1906 1426 1934 1465 ⁷)

191 1469 370 1501 nobilissimi
391 1471 586 1509 grammatici,
607 1481 696 1510 quem
717 1469 834 1509 „multa
857 1470 1040 1511 exemplaria
1059 1473 1214 1501 contracta
1228 1470 1386 1501 emendare
1407 1480 1442 1500 ac
1463 1469 1646 1510 distinguere
1668 1476 1698 1502 et
1718 1477 1864 1503 annotare
1883 1484 1935 1504 cu-

192 1518 335 1549 ravisso“
362 1516 491 1557 hincque
517 1521 620 1558 natam
646 1527 713 1548 esse
739 1527 824 1557 „non
851 1518 1030 1549 mediocrem
1059 1518 1168 1548 silvam
1197 1517 1440 1548 observationum
1467 1519 1614 1548 sermonis
1641 1520 1781 1559 antiqui“
1807 1525 1937 1551 testatur

193 1565 404 1605 Suetoniusss).
434 1565 518 1597 Haec
532 1566 593 1597 fere
607 1565 645 1596 de
659 1566 742 1597 omni
759 1565 964 1597 Plinianorum
979 1566 1122 1597 librorum
1142 1566 1258 1597 ratione
1273 1565 1400 1606 praefari
1422 1566 1452 1596 in
1475 1566 1576 1596 animo
1598 1565 1699 1604 habui,
1721 1571 1755 1598 ut
1769 1578 1859 1607 quam
1874 1568 1937 1600 late

191 1614 323 1654 patuerit
342 1613 397 1644 illa
416 1617 447 1644 et
468 1614 617 1654 quomodo
638 1624 706 1645 cum
720 1615 919 1646 vetustiorum
940 1614 1141 1646 litteratorum
1162 1614 1322 1654 disciplina
1337 1624 1472 1646 connexa
1492 1614 1582 1645 fuerit
1602 1625 1621 1645 a
1642 1614 1847 1647 fundamentis
1869 1628 1936 1657 per—

192 1662 266 1702 spici
286 1665 400 1702 posset.
441 1661 510 1693 Jam
539 1673 609 1694 vero
638 1672 731 1702 quum
757 1662 891 1693 nondum
918 1664 1034 1702 omnia,
1055 1672 1132 1703 quae
1157 1662 1197 1693 ad
1224 1672 1291 1692 eam
1313 1667 1391 1692 recte
1421 1662 1653 1692 existimandam
1686 1666 1843 1704 permagni
1873 1665 1937 1696 fore

192 1710 337 1741 momenti
358 1719 557 1750 speraveram,
580 1711 730 1742 exhausta
750 1721 818 1742 esse
838 1710 1064 1750 intellexissem,
1086 1714 1247 1751 antequam
1269 1711 1307 1741 ad
1334 1721 1408 1750 opus
1429 1711 1532 1750 ipsum'
1549 1711 1727 1751 accingerer,
1758 1712 1841 1744 brevi
1864 1715 1938 1753 quid

192 1757 230 1787 ad
251 1757 377 1788 latinam
404 1757 538 1797 linguam
565 1759 810 1789 conformandam
837 1763 928 1799 atque
955 1758 1148 1789 excolendam
1169 1759 1356 1798 singulorum
1379 1759 1641 1797 grammaticorum
1668 1759 1799 1790 valuerit
1827 1772 1876 1791 ars
1905 1768 1937 1792 et

193 1805 327 1835 doctrina
347 1814 494 1844 exponere
516 1807 546 1836 in
568 1808 700 1837 animum
723 1806 875 1846 iuduxi⁹).
907 1807 1004 1845 Quum
1025 1806 1094 1837 inde
1115 1806 1152 1836 ab
1175 1807 1392 1847 antiquissimis
1408 1805 1594 1845 temporibus
1615 1807 1717 1837 studia
1732 1807 1935 1840 Romanorum

293 1899 314 1928 ¹)
331 1899 371 1925 Cf.
388 1899 495 1926 Sueton.
512 1901 545 1927 ds
561 1901 599 1927 in.
617 1905 757 1934 grammat.
775 1910 796 1927 c.
812 1904 835 1928 2.

290 1940 314 1969 ²)
331 1938 458 1965 Priscian.
476 1947 501 1972 p.
518 1940 566 1967 408
583 1941 615 1966 Η.

292 1981 317 2011 ⁸)
335 1979 418 2005 Varro
435 1979 467 2005 de
485 1979 502 2005 1.
520 1979 536 2006 1.
554 1981 632 2007 VIII.
649 1988 674 2013 p.
693 1983 739 2008 126
757 1982 850 2014 (Bip.):
867 1982 1035 2008 Consuetudo
1059 1985 1086 2007 et
1104 1983 1229 2015 analogia
1241 1982 1435 2015 conjunctiores
1452 1983 1522 2009 inter
1540 1991 1576 2014 se,
1588 1991 1666 2016 quam
1685 1984 1711 2009 hi
1730 1984 1848 2015 credunt,
1866 1985 1935 2017 qnod

191 2023 234 2046 ost
250 2022 315 2045 nata
331 2026 364 2045 ex
381 2019 494 2051 quadam
511 2021 702 2047 consuetudine
719 2022 854 2054 analogia.
878 2022 937 2047 vn.
955 2029 980 2054 p.
999 2023 1057 2048 109:
1080 2023 1172 2053 Quum.
1189 2027 1222 2048 ut
1238 2030 1288 2054 ego
1311 2023 1436 2053 arbitror,
1459 2028 1599 2055 utrumque
1618 2024 1654 2048 sit
1670 2025 1746 2050 nobis
1764 2025 1935 2056 sequendum.

193 2060 241 2086 IX.
258 2067 281 2093 p.
300 2060 360 2085 1⁵17:
377 2059 568 2086 consuetudine
585 2061 712 2087 sermonis
729 2060 842 2087 veritati
859 2061 1000 2094 analogiae
1018 2062 1175 2094 posthabita
1192 2070 1209 2088 a
1226 2062 1418 2094 grammaticis,

290 2102 312 2130 ⁴)
329 2099 369 2126 Cf.
387 2099 509 2127 Wiluian.
525 2100 542 2127 1.
560 2100 577 2126 l.
594 2109 619 2134 p.
635 2101 675 2128 m.
775 2103 798 2133 ⁸)
815 2101 856 2127 Cf.
873 2101 1012 2128 Diomedes
1028 2110 1052 2135 p.
1069 2102 1118 2128 439
1134 2102 1166 2129 K.
1192 2103 1293 2129 Charis.
1311 2110 1335 2136 p.
1353 2104 1385 2130 50
1402 2103 1433 2129 K.

291 2142 316 2171 ⁰)
334 2140 416 2171 Quem
434 2140 461 2166 in
479 2141 556 2166 finem
574 2141 689 2167 hexades
706 2141 824 2173 singulas
842 2141 902 2168 libri
919 2142 952 2168 de
970 2142 986 2168 l.
1005 2143 1021 2168 1.
1040 2143 1067 2168 in
1085 2143 1186 2168 triades
1205 2143 1306 2174 divisit,
1330 2150 1440 2174 quarum
1465 2144 1550 2176 prima
1573 2145 1648 2177 leges
1672 2147 1821 2178 generales,
1845 2146 1934 2172 altera

193 2180 296 2212 copiam
314 2179 455 2206 verborum
471 2183 646 2214 percenseret.
674 2180 798 2207 Wilman.
815 2189 840 2213 p.
858 2182 896 2207 12.

293 2221 315 2251 ⁷)
333 2220 373 2247 De
390 2220 474 2247 Probo
491 2221 619 2252 conferas,
644 2229 710 2255 quse
735 2221 766 2247 H.
783 2222 887 2248 Keilius
906 2221 1057 2254 disputavit
1082 2222 1108 2248 iu
1132 2222 1218 2255 Symb.
1241 2223 1330 2256 philol.
1348 2224 1480 2251 Bonnens.
1498 2232 1523 2257 p.
1540 2225 1572 2251 93
1589 2232 1644 2257 sqq.
1668 2228 1695 2251 et
1716 2225 1743 2251 in
1766 2225 1935 2257 praefatione

192 2260 270 2293 primi
289 2260 428 2286 voluminis
446 2267 558 2292 gramm.
576 2261 636 2287 Lat.
654 2270 678 2295 p.
697 2262 733 2288 LI
751 2269 806 2294 sqq.
824 2265 851 2288 et
868 2262 896 2288 in
912 2262 1026 2294 praefat.
1044 2263 1134 2294 quarti
1152 2263 1202 2288 vol.
1221 2271 1245 2296 p.
1263 2263 1327 2289 XVI
1345 2271 1400 2295 sqq.

292 2302 316 2330 ⁸)
336 2300 408 2327 Suet.
426 2300 491 2326 Vita
508 2300 594 2327 Probi.

294 2341 318 2369 ⁹)
335 2340 373 2366 Cf.
391 2340 521 2366 Bucheler
539 2342 570 2367 de
589 2342 628 2368 Ti.
647 2342 759 2368 Claudio
777 2343 889 2368 Caesare
906 2342 1081 2375 grammatico
1100 2351 1123 2376 p.
1143 2344 1155 2368 1
1175 2345 1203 2368 et
1220 2343 1235 2369 L
1254 2343 1271 2369 l.
1290 2343 1321 2369 de
1340 2343 1369 2369 G.
1387 2343 1460 2370 Julio
1479 2344 1592 2370 Caesare
1610 2345 1785 2376 grammatico
1807 2353 1832 2378 p.
1851 2347 1873 2371 1.
