2160 2697
1007 142 1038 176 4.

152 245 312 286 suspendio
334 246 470 277 arborem
492 245 652 286 eligendi“.
695 245 760 277 Non
781 246 856 278 illud
878 258 957 279 nunc
978 250 1106 289 agimus,
1129 251 1161 278 ut
1182 247 1260 278 hunc
1281 246 1372 278 Plinii
1394 246 1502 286 locum,
1528 257 1616 288 quem
1638 250 1691 279 vix
1710 253 1765 280 aut
1785 251 1906 281 omnino

152 305 211 325 non
224 295 388 334 attigerunt
408 294 468 325 viri
489 293 580 332 docti,
602 293 785 334 explicemus
805 299 837 326 et
857 295 1052 334 illustremus,
1078 297 1109 327 id
1130 295 1209 336 quod
1230 295 1430 334 disputationi
1443 295 1587 335 peculiari
1601 297 1660 328 erit
1680 297 1904 335 reservandum,

152 342 206 372 sed
226 346 260 372 ut
281 341 318 372 da
338 342 456 373 ratione
477 342 629 381 temporis,
662 351 723 381 quo
743 341 812 373 libri
834 343 915 373 dubii
937 345 1086 375 sermonis
1105 362 1146 367 --
1168 343 1222 374 hos
1244 343 1323 374 enim
1345 342 1514 383 significare
1542 342 1673 376 Plinium
1694 345 1766 376 dum
1786 344 1907 377 libellos

152 390 188 420 de
201 390 399 430 grammatica
415 389 514 421 editos
529 394 677 420 memorat
691 389 765 421 mihi
785 392 935 431 persuasit
945 391 1101 423 Neumann
1119 403 1147 432 p.
1162 393 1176 423 l
1189 392 1218 431 ¹)
1230 391 1444 432 —prodierint
1458 400 1647 431 quaeramus.
1668 392 1737 424 Jam
1753 398 1898 434 superest,

151 442 186 468 ut
206 437 364 469 redeamus
385 437 423 469 ad
446 437 541 469 verba
555 437 677 468 Caecilii
691 437 830 477 Secundi,
852 438 959 479 quibus
981 449 1072 479 supra
1092 441 1139 470 usi
1161 449 1276 478 sumus,
1297 449 1388 480 quum
1406 442 1560 479 praeterea
1579 438 1696 471 nullum
1718 441 1795 481 apud
1817 445 1901 472 vete-

152 496 200 517 res
221 486 287 517 sive
308 485 346 517 de
366 490 508 527 tempore,
530 496 590 526 quo
611 486 679 517 libri
701 487 859 527 conscripti
880 488 951 525 sint,
974 488 1040 519 sive
1062 487 1099 518 de
1121 489 1205 519 omni
1232 497 1336 519 eorum
1356 488 1473 519 ratione
1498 487 1703 518 testimonium
1724 488 1903 521 exhibeatur

153 544 304 574 quumque
331 534 370 565 ad
399 544 494 565 unum
520 536 621 565 omnia
649 534 819 574 fragmenta
844 535 883 566 ad
908 545 956 566 res
985 535 1154 575 singulares
1174 539 1310 575 spectent
1336 539 1366 566 et
1393 535 1433 566 ad
1454 535 1532 566 hanc
1553 536 1759 576 quaestionem
1781 538 1902 569 omnino

150 591 211 613 non
231 583 411 622 pertineant.
452 582 568 620 Quibus
589 583 734 613 curiosius
754 584 908 623 perpensis
935 587 967 613 et
987 593 1134 614 annorum
1155 583 1323 614 rationibus
1351 584 1533 623 computatis
1554 588 1715 623 praeeunte
1736 583 1903 616 Neumann.

150 629 243 661 libros
256 640 338 661 anno
352 630 464 660 LXVII
478 630 624 670 prodiisse
638 629 774 660 concludi
790 634 898 670 potest,
920 632 972 671 qui
987 634 1034 662 est
1048 642 1146 662 annus
1162 641 1182 662 a
1194 631 1321 661 Neronis
1343 631 1467 661 interitu
1486 632 1650 671 proximus.
1671 649 1710 654 —
1732 630 1789 663 Sed
1805 632 1903 672 prius-

150 687 243 717 quam
264 677 304 708 ad
325 678 424 717 ipsam
453 679 660 717 quaestionem
686 678 839 717 accingar,
866 678 903 708 de
932 680 1145 717 recentiorum,
1172 679 1223 719 qui
1244 678 1335 708 Plinii
1355 677 1440 708 libris
1461 688 1581 718 operam
1603 679 1765 716 dederunt,
1793 679 1901 710 studiis

150 734 250 765 pauca
264 724 405 756 videntur
421 724 548 755 dicenda
564 734 641 756 esse.
669 724 714 755 De
730 724 814 755 dubii
828 727 975 757 sermonis
992 726 1076 757 libris
1093 728 1124 758 in
1138 727 1311 757 universum
1328 725 1566 765 disputaverunt,
1587 731 1622 758 ut
1638 727 1714 757 alios
1726 727 1902 767 omittam2)

150 772 341 804 Graefenhan
368 773 561 814 „geschichte
588 772 639 804 der
660 772 851 804 klassischen
872 773 1034 815 philologie
1061 775 1103 805 im
1125 773 1306 805 aiterthum“
1328 773 1388 804 vol.
1410 773 1461 804 IV.
1483 784 1511 813 p.
1534 774 1593 805 100
1623 779 1653 804 et
1674 775 1794 814 passim,
1818 774 1900 805 Lau·

150 822 265 852 rentius
285 820 398 852 Lersch
420 821 490 860 „die
511 820 811 861 sprachphilosophie
832 821 885 852 der
905 822 1007 853 alten“
1029 823 1089 854 vol.
1103 823 1127 853 1.
1148 833 1177 862 p.
1193 822 1260 853 150.
1281 821 1320 852 ΙΙ.
1335 832 1363 861 p.
1381 822 1448 860 157,
1470 823 1521 862 qui
1536 823 1627 853 etiam
1649 822 1819 862 fragmenta
1839 822 1899 853 col-

150 867 231 899 lecta
250 868 312 900 vol.
332 869 357 900 Ι.
377 879 407 909 p.
429 870 489 900 179
511 879 577 909 sqq.
598 868 730 907 exhibet,
751 869 906 900 Gustavus
929 870 1081 902 Detlessen
1102 880 1174 908 „zur
1187 869 1396 900 flexionslehre
1417 869 1470 900 des
1490 869 1585 900 filtern
1607 870 1743 900 Plinius“
1765 871 1794 900 in
1817 880 1899 909 sym-

151 915 210 947 bol.
231 916 335 956 philol.
356 916 508 948 Bonnens.
529 927 559 957 p.
579 917 638 948 697
661 927 726 957 sqq.
765 917 850 954 Quae
871 918 1054 949 doctissimis
1075 928 1178 949 eorum
1199 918 1422 948 commentariis
1443 917 1567 948 debeam
1589 928 1644 949 suo
1665 918 1730 949 loco
1752 918 1900 949 indicabo.

150 963 185 994 In
207 964 246 994 iis
266 974 348 1003 vero,
370 975 447 1005 quae
468 964 542 995 mihi
556 975 781 1005 proposueram,
802 965 986 1006 exequendis
1008 969 1068 996 tres
1095 966 1285 1006 potissimum
1313 969 1449 996 auctores
1470 969 1590 996 secutus
1612 976 1688 1003 sum,
1708 975 1784 1006 quos
1809 976 1900 1006 quum

150 1021 211 1042 non
232 1012 363 1052 singulis
383 1013 457 1043 locis
478 1012 531 1043 sed
554 1022 649 1052 paene
671 1017 734 1044 toto
757 1022 846 1053 opere
866 1013 1071 1051 adhibuerim,
1099 1024 1159 1044 non
1180 1014 1211 1043 in
1232 1014 1298 1052 ipsa
1318 1014 1571 1044 commentatione
1592 1013 1753 1044 identidem
1774 1014 1900 1052 laudari,

151 1058 204 1089 sed
224 1058 273 1089 hic
295 1061 521 1090 commemorari
543 1063 670 1099 oportet.
702 1061 744 1090 Ac
765 1061 859 1100 primo
881 1060 1000 1100 quidem
1022 1060 1088 1090 loco
1110 1060 1280 1091 laudandus
1301 1064 1349 1090 est
1369 1060 1427 1091 Alf.
1449 1059 1661 1096 Schottmsiller
1682 1060 1739 1099 „de
1760 1061 1792 1092 C.
1807 1061 1898 1092 Plinii

151 1106 281 1138 Secundi
302 1107 388 1140 libris
408 1108 613 1149 grammaticis
632 1112 709 1148 part.
729 1108 773 1146 1⁶‘‚
795 1109 846 1148 qui
867 1112 968 1139 tamen
990 1118 1066 1149 opus
1087 1107 1260 1140 inchoatum
1281 1117 1342 1139 non
1363 1107 1495 1148 perfecit,
1518 1107 1549 1138 id
1569 1107 1649 1148 quod
1670 1117 1706 1139 eo
1727 1109 1825 1149 magis
1844 1109 1898 1140 d0÷

150 1154 273 1186 lendum
288 1161 344 1193 est,
359 1167 418 1197 quo
433 1158 537 1197 quanti
552 1156 591 1186 ad
606 1156 814 1195 hujuscemodi
827 1158 1020 1196 quaestiones
1035 1158 1247 1197 grammaticas
1269 1160 1300 1187 et
1319 1156 1520 1186 instituendas
1542 1159 1572 1186 et
1592 1157 1812 1196 persequendas
1834 1157 1898 1189 fue-

150 1203 191 1234 rit
210 1205 355 1235 momenti
376 1205 428 1235 vix
450 1203 509 1234 dici
529 1207 638 1244 potest.
687 1203 763 1234 'rum
786 1204 990 1243 inspiciendus
1012 1209 1077 1235 erat
1101 1204 1176 1235 liber
1196 1203 1338 1234 Guilelmi
1357 1202 1535 1242 Brambach‚
1557 1205 1719 1235 recentiore
1740 1209 1840 1235 aetate
1861 1205 1899 1241 de

149 1253 292 1284 ornandis
313 1247 681 1292 emaculandisque'Plinii
700 1252 899 1292 fragminibus
925 1256 996 1293 post
1016 1251 1283 1284 Schottmsillerum
1304 1252 1416 1292 optime
1438 1252 1536 1282 meriti
1566 1251 1636 1291 „die
1662 1253 1896 1294 neugestaltung

150 1299 202 1330 der
221 1299 419 1331 lateinischen
442 1299 655 1340 orthographia
676 1300 707 1330 in
729 1299 824 1330 ihrem
846 1300 1027 1331 vei-hailtniss
1048 1311 1098 1331 zur
1120 1299 1243 1331 schule“
1264 1311 1293 1340 p.
1314 1301 1352 1331 37
1367 1310 1432 1339 sqq.
1454 1304 1485 1330 et
1497 1300 1584 1331 alias.
1616 1301 1734 1331 Tertius
1754 1305 1801 1331 est
1821 1302 1897 1332 Her-

149 1357 280 1380 mannus
295 1349 461 1387 Neumann,
484 1348 535 1388 qui
548 1346 649 1379 libello
672 1347 729 1386 „de
744 1347 834 1378 Plinii
855 1347 938 1378 dubii
959 1348 1106 1379 sermonis
1127 1348 1210 1378 libris
1225 1347 1352 1378 Charisii
1375 1352 1405 1377 et
1419 1347 1736 1384 Priscianifontibuff
1758 1349 1899 1389 inscripto

149 1395 283 1433 (dissert.
304 1397 432 1428 Kiliensi
453 1407 482 1427 a.
506 1397 598 1436 1881)
620 1396 760 1426 semitam
781 1406 801 1426 a
824 1395 1056 1426 Schottmiillero
1079 1399 1279 1426 monstratam
1302 1395 1452 1425 dilatavit.
1484 1395 1645 1426 Praeterea
1658 1396 1735 1432 inter
1755 1397 1899 1435 subsidia,

149 1452 227 1482 quae
248 1445 416 1477 enodandis
437 1444 528 1475 Plinii
549 1443 684 1483 reliquiis
705 1443 819 1482 passim
840 1442 1048 1481 adhibuimus,
1076 1443 1259 1473 nominanda
1279 1447 1326 1472 est
1346 1443 1434 1473 docta
1455 1443 1625 1473 dissertatio
1647 1442 1838 1474 Wilmannsii
1860 1445 1897 1476 de

149 1490 292 1524 Varronis
314 1492 399 1524 libris
420 1492 635 1533 grammaticis.

246 1548 363 1588 Restat,
385 1553 419 1580 ut
439 1548 476 1579 de
496 1547 589 1578 Felsii
611 1548 698 1588 („zur
718 1547 929 1588 orthographie
950 1548 990 1578 im
1013 1547 1149 1578 Plinius“
1171 1546 1280 1578 Philol.
1301 1546 1361 1577 vol.
1376 1546 1459 1585 xlv)
1481 1550 1511 1577 et
1532 1546 1695 1577 Detlefseni
1716 1546 1735 1577 l.
1756 1546 1775 1577 l.
1797 1547 1897 1579 obser-

148 1597 322 1627 vationibus
350 1597 389 1628 ad
410 1600 571 1637 praecepta
598 1607 617 1627 a
638 1596 737 1627 Plinio
764 1596 838 1627 data
864 1595 1044 1626 illustranda
1071 1600 1165 1635 atque
1186 1594 1341 1635 probanda
1361 1594 1509 1624 institutis
1529 1594 1637 1625 dicam.
1677 1595 1774 1634 Atque
1801 1596 1837 1626 de
1862 1607 1897 1627 eo

148 1650 183 1674 ut
204 1649 284 1676 recte
299 1645 462 1685 judicetur,
489 1644 672 1674 monendum
695 1648 742 1674 est
763 1644 800 1674 ad
823 1643 901 1674 hanc
921 1644 1128 1683 quaestionem
1150 1643 1187 1674 de
1207 1643 1297 1674 Plinii
1320 1641 1430 1682 regulis
1450 1642 1488 1673 ab
1508 1643 1576 1682 ipso
1596 1643 1627 1673 in
1648 1641 1732 1673 libris
1752 1644 1898 1675 naturalis

148 1691 295 1723 historiae
323 1693 493 1723 observatis
520 1692 569 1722 vel
595 1691 741 1731 neglectis
769 1692 996 1731 disceptandam
1024 1701 1116 1729 quum
1145 1692 1266 1730 optimis
1287 1690 1441 1720 codicibus
1469 1689 1618 1720 mutilatis
1644 1695 1674 1720 et
1699 1692 1813 1722 mancis
1834 1696 1897 1722 tum

148 1741 361 1780 manuscriptis
381 1740 531 1771 inferioris
552 1741 662 1770 aetatis
683 1739 871 1770 librariorum
894 1739 1076 1779 negligentia
1096 1739 1241 1779 corruptis
1257 1743 1287 1769 et
1301 1738 1468 1768 immutatis
1488 1738 1539 1767 vix
1553 1741 1670 1768 tantum
1687 1734 1776 1768 tribui
1798 1749 1896 1778 posse,

147 1792 182 1818 ut
202 1798 239 1818 ex
259 1787 308 1818 his
329 1788 502 1819 subtiliores
523 1787 673 1818 scribendi
694 1788 826 1818 rationes
848 1787 1004 1819 enucleare
1026 1797 1176 1818 conemur.

244 1843 404 1874 Rationem
426 1847 458 1874 et
478 1847 689 1883 argumentum
711 1844 804 1874 totius
825 1844 924 1882 operis
933 1842 962 1882 ³)
991 1843 1017 1872 si
1043 1842 1212 1872 accuratius
1234 1851 1381 1881 exponere
1403 1841 1551 1880 velimus,
1578 1841 1696 1880 longius
1718 1842 1804 1871 nobis
1825 1852 1896 1873 eva-

146 1891 279 1931 gandum
302 1896 393 1932 atque
414 1891 616 1922 excedendum
638 1891 703 1922 erit.
745 1890 869 1921 Rectius
890 1890 970 1921 enim
991 1899 1027 1920 ac
1047 1889 1219 1920 distinctius
1241 1889 1278 1919 de
1300 1888 1398 1920 Plinio
1420 1888 1546 1920 consilio
1567 1893 1597 1919 et
1618 1890 1732 1919 ratione
1749 1889 1897 1928 judicabi-

146 1949 223 1977 mus,
250 1941 276 1970 si
298 1941 445 1970 curiosius
473 1948 535 1978 qua
561 1939 731 1969 conditione
760 1939 871 1969 fuerint
897 1942 959 1969 tum
986 1941 1057 1969 ante
1078 1937 1169 1968 Plinii
1195 1941 1331 1976 tempora
1358 1937 1459 1968 studia
1487 1938 1684 1977 grammatica
1710 1940 1773 1967 tum
1802 1939 1896 1968 nostri

145 1990 245 2018 aetate
266 1988 297 2018 in
321 1988 496 2018 memoriam
517 1987 770 2017 revocaverimus.
813 1985 911 2024 Quum
938 1985 988 2016 diu
1014 1985 1201 2025 multumque
1221 1988 1367 2016 certatum
1389 1990 1470 2015 esset
1495 1985 1573 2015 inter
1593 1984 1723 2015 Graecos
1744 1988 1775 2014 et
1795 1995 1895 2024 gram-

144 2037 273 2067 maticos
286 2034 548 2118 {philosophum
570 2038 670 2066 utrum
691 2035 722 2065 in
743 2043 880 2066 sermone
901 2034 1013 2066 Graeco
1035 2034 1161 2065 rationis
1178 2033 1243 2064 sive
1257 2032 1417 2076 analogiae
1433 2033 1599 2065 necessitas
1614 2042 1652 2064 au
1667 2033 1893 2065 consuetudinis

245 2143 268 2174 ¹)
285 2141 435 2168 Praesume
452 2139 658 2166 Schottmullero
675 2139 692 2166 1.
711 2139 728 2165 l.
745 2146 771 2172 p.
790 2140 802 2165 l
821 2146 877 2172 sqq.

242 2192 268 2221 ²)
286 2190 356 2221 Quos
373 2191 512 2215 enumerat
529 2188 697 2215 Schottmissl.
713 2195 739 2220 p.
755 2188 772 2214 2
789 2187 806 2213 i.
824 2190 916 2213 annot.

244 2239 268 2269 ⁸)
286 2237 393 2263 Videsis
410 2243 478 2268 qnae
496 2236 528 2262 de
545 2235 718 2268 inscriptione
735 2235 860 2261 librorum
878 2234 946 2261 satis
963 2234 1069 2268 copiose
1087 2234 1237 2267 disputavit
1254 2234 1421 2261 Schottmiili.
1439 2234 1456 2259 1.
1474 2234 1490 2259 1.
1508 2241 1532 2267 p.
1545 2234 1561 2259 6
1572 2241 1641 2266 sqq.;
1657 2232 1711 2266 jam
1726 2241 1787 2259 vero
1800 2240 1846 2259 cnr
1864 2235 1894 2260 ii-

145 2280 226 2305 bellos
244 2278 281 2304 sic
298 2277 470 2309 inscripserit
486 2276 591 2302 Plinius
608 2276 661 2302 alio
679 2276 738 2302 ioco
757 2282 835 2308 quum
855 2282 885 2301 eo
904 2278 1060 2308 perventum
1079 2275 1115 2301 sit
1132 2274 1333 2307 disputationis,
1358 2278 1389 2300 ut
1412 2281 1444 2300 ea
1462 2273 1585 2305 quaestio
1607 2274 1677 2300 uitro
1695 2273 1771 2299 nobis
1788 2281 1816 2300 se
1834 2274 1894 2300 ofle-

144 2323 196 2350 rat,
212 2318 351 2351 exquirere
367 2317 454 2343 liceat.
