2160 2697
1052 156 1079 191 8

196 259 317 299 integra
335 262 367 290 et
392 258 431 291 ab
451 258 560 291 alienia
587 259 808 291 accessionibus
827 268 926 290 vacua
950 257 1040 290 nobis
1060 258 1173 289 tradita
1191 261 1273 289 sunt.
1314 257 1434 289 Etenim
1455 261 1518 289 tum
1545 258 1698 290 doetrinae
1724 260 1939 300 grammaticae

196 305 596 338 Romanorumvotustioris
615 307 758 348 reliquiae
784 314 863 346 quae
883 305 1018 338 tulerunt
1042 310 1174 337 aetatem
1203 310 1266 337 tam
1285 307 1415 346 exiguae
1442 310 1514 337 sunt
1537 310 1569 338 et
1589 311 1696 338 tenues
1717 311 1748 338 et
1774 308 1938 338 vetustatis

194 354 257 385 situ
277 360 340 385 tam
360 355 494 395 graviter
513 359 684 396 corruptae,
711 358 747 386 ut
765 357 864 384 certas
885 354 1032 391 rationes,
1064 353 1103 384 ad
1129 363 1205 393 quas
1226 353 1409 391 referantur,
1438 353 1580 394 indagare
1600 355 1652 386 vix
1672 356 1843 395 possimus,
1872 358 1937 385 tum

193 403 410 442 primariorum,
437 404 499 443 qui·
515 403 585 435 inde
611 402 650 436 ab
670 402 800 443 Augusti
827 411 904 433 aevo
923 401 1097 441 floruerunt,
1118 402 1380 442 grammaticorum
1409 401 1561 432 doctrinae
1580 402 1709 434 frustula
1735 401 1819 433 haud
1839 403 1937 433 incor-

194 454 285 491 rupta
304 460 340 481 ac
360 452 491 491 genuina
510 452 547 483 ad
570 455 736 483 extremm
755 450 932 481 Latinarum
952 449 1121 482 litterarum
1141 454 1273 481 aetatem
1294 453 1459 490 propagata
1486 454 1566 481 sunt.
1606 451 1664 489 Qui
1684 452 1766 482 enim
1786 451 1937 492 fragmina

194 497 248 529 illa
268 503 492 538 conservarunt,
512 500 671 539 pristinam
690 507 865 538 compagem
885 507 939 538 pro
959 497 1027 529 libri
1048 499 1095 529 sui
1109 498 1235 529 consilio
1255 498 1388 529 ordinem
1408 501 1561 529 mutantes
1583 509 1798 540 saepenumero
1819 499 1935 530 diacus-

195 550 298 577 serunt
325 556 421 587 neque
450 556 562 587 paucas
587 546 627 576 iis
647 546 705 586 ipsi
731 545 816 577 labes
836 545 1017 577 inflixerunt.
1057 546 1133 577 Nam
1154 556 1246 587 quum
1266 553 1406 586 excerpta
1425 545 1486 584 illa,
1512 556 1590 585 quae
1610 547 1722 578 nostris
1741 548 1773 578 in
1794 547 1936 578 manibus

193 598 275 633 sunt,
295 594 444 632 facerent,
471 604 562 634 quum
591 603 628 624 ex
648 593 902 625 nobilissimorum
927 595 1189 635 grammaticorum
1210 594 1433 624 commentariis
1459 603 1536 634 quae
1563 596 1694 625 maxime
1717 595 1757 625 ad
1778 594 1935 635 vulgarem

194 651 282 672 usum
308 646 380 682 apta
399 642 573 673 viderentur
592 641 764 682 deligerent,
790 651 827 672 ea
847 651 880 672 re
900 642 930 673 id
951 642 1119 681 effecerunt,
1146 646 1179 673 ιιι
1201 651 1255 673 nec
1274 641 1396 682 plenum
1417 641 1581 681 quidquam
1601 646 1775 674 nec-totum
1794 642 1935 683 quodque

192 693 273 720 certa
299 690 415 720 ratione
442 693 532 729 atque
557 689 660 720 ordine
681 688 842 720 cohaereat
862 689 1038 721 habeamus.
1087 690 1136 720 Ita
1155 690 1288 730 disjectis
1310 693 1341 720 et-
1361 689 1527 729 discerptis,
1548 699 1627 730 quae
1647 700 1702 720 suo
1728 694 1847 721 tantum
1868 690 1934 721 loco

191 737 292 777 posita
313 740 391 767 recte
410 737 535 777 perspici
555 741 701 777 poterant,
722 740 754 768 et
774 737 843 768 aliis
863 738 993 776 omissis,
1013 736 1082 768 aliis
1099 738 1200 778 inepte
1220 738 1354 777 repetitis
1375 746 1434 767 non
1448 737 1547 767 solum
1561 736 1643 768 falsa
1667 738 1860 777 irrepserunt,
1881 738 1935 768 sed

194 786 285 816 etiam
305 784 402 816 multa
422 785 555 816 confusis
575 785 702 817 diversis
723 786 882 817 sententiis
902 786 1084 825 intextisque
1105 786 1300 816 recentiorum
1328 784 1543 816 additamentis
1569 785 1743 824 turpissime
1768 785 1936 816 deformata

195 842 230 864 ac
250 833 415 864 miserrime
436 837 574 873 corrupta
594 837 674 864 sunt.
719 834 838 864 Etenim
860 837 1048 874 excerptores
1067 833 1112 864 illi
1131 833 1344 873 grammaticis,
1365 842 1491 872 quorum
1511 833 1605 872 copiis
1618 832 1753 864 hortulos
1774 842 1847 864 suos
1867 834 1934 864 irri-

195 884 319 921 garunt,
340 881 490 922 primariis
510 882 553 912 ita
573 882 621 912 usi
641 884 726 920 sunt,
747 885 782 912 ut
801 891 850 912 res
869 881 928 912 sibi
948 881 1074 912 idoneas
1094 881 1125 911 in
1146 882 1243 922 prima
1262 884 1297 911 ut
1315 881 1401 920 ajunt
1420 881 1485 911 acie
1505 889 1581 918 non,
1604 884 1638 911 ut
1657 890 1786 921 aequum
1807 885 1881 920 erat,
1903 882 1935 912 in

193 929 326 960 secunda
344 932 489 969 ponerent
508 929 698 970 gravioribus
719 929 960 971 doctioribusque
980 929 1126 970 neglectis
1145 933 1236 971 atque
1254 928 1438 970 posthibitis.
1478 929 1521 959 Ac
1547 931 1634 959 tanta
1653 938 1744 970 saepe
1764 932 1813 960 est
1831 929 1934 970 dispu-

193 976 278 1007 tandi
298 976 441 1015 brevitas,
463 981 527 1007 tam
547 977 739 1017 perturbatus
759 977 908 1008 interdum
930 977 1013 1016 ordo,
1033 980 1069 1008 ut
1088 977 1146 1008 hoc
1164 987 1225 1008 non
1247 987 1345 1008 errore
1365 976 1480 1007 librarii
1500 976 1554 1007 sed
1568 976 1670 1007 studio
1685 979 1867 1017 excerptoris
1888 987 1934 1016 ea,

194 1034 271 1065 quae
289 1024 442 1064 copiosius
462 1025 600 1065 exposita
619 1025 786 1064 invenerat,
807 1026 972 1056 coartantis
991 1025 1105 1056 factum
1126 1034 1194 1055 esse
1213 1024 1328 1055 videas.
1369 1024 1454 1055 Nunc
1479 1024 1734 1064 praemonendum
1754 1028 1811 1062 est,
1833 1029 1867 1055 ut
1887 1026 1934 1055 in-

192 1076 330 1113 corrupta
350 1071 530 1103 nobilissimi
550 1073 738 1112 grammatici
759 1074 904 1104 memoria
930 1073 1116 1104 discernatur
1140 1072 1179 1104 ab
1205 1071 1334 1103 exilibus
1355 1072 1578 1102 commentariis
1605 1076 1636 1102 et
1655 1075 1794 1103 contorto
1816 1072 1934 1103 dicendi

193 1129 302 1160 genere
327 1121 438 1151 aetatis
459 1120 580 1150 infimae
600 1124 814 1161 excerptorum,
836 1120 1054 1160 aliquantulum
1067 1121 1106 1151 de
1126 1131 1163 1151 ea
1183 1121 1308 1159 ratione,
1332 1130 1390 1159 qua
1411 1120 1524 1150 factum
1545 1121 1595 1158 sit,
1617 1123 1652 1150 ut
1671 1119 1827 1160 graviores
1847 1120 1934 1151 dubi-

191 1167 276 1199 tandi
295 1177 404 1210 causas
432 1166 598 1198 habeamus
627 1167 665 1198 de
690 1168 868 1208 quibusdam
890 1168 980 1199 Plinii
1003 1168 1195 1209 fragmentis,
1223 1178 1403 1208 quamquam
1431 1166 1586 1207 hucusque
1613 1169 1697 1198 viros
1722 1167 1828 1198 ἀοι-,ιω
1857 1167 1935 1198 hanc

192 1225 255 1246 rem
276 1225 336 1247 non
357 1217 388 1247 in
409 1215 533 1247 dubium
560 1225 686 1247 vocasse
704 1216 797 1257 probe
817 1217 937 1248 scimus.
978 1216 1091 1258 Nempe
1117 1226 1209 1257 quum
1233 1218 1392 1256 appareat,
1418 1214 1518 1245 Plinio
1544 1214 1583 1245 ab
1610 1214 1833 1255 excerptoribus
1858 1225 1933 1247 non—

193 1263 277 1295 nulla
297 1263 397 1302 tribui,
417 1273 495 1304 quae
515 1264 554 1296 ab
575 1266 641 1304 ejus
661 1264 829 1296 elocutione
847 1274 969 1305 prorsus
989 1265 1178 1303 abhorreant,
1201 1264 1232 1295 id
1253 1263 1334 1303 quod
1355 1262 1442 1294 facile
1461 1267 1534 1304 puto
1556 1273 1800 1304 unumquemque
1819 1263 1870 1295 vel
1890 1264 1934 1295 le·
1950 1264 1953 1267 “

192 1312 271 1342 viter
290 1312 433 1352 inspectis
454 1312 539 1343 libris
560 1312 791 1352 intellecturum,
813 1312 926 1344 multos
946 1312 1029 1344 locos
1048 1313 1102 1344 vix
1122 1313 1257 1352 integros
1278 1321 1296 1342 e
1308 1311 1406 1342 Plinio
1427 1321 1494 1342 esse
1509 1311 1674 1342 translatos
1693 1312 1857 1344 verisimile
1877 1316 1934 1343 eat.

191 1360 298 1399 Itaque
324 1359 576 1391 intercedentibus
601 1361 633 1391 ni
657 1360 747 1392 fallor
773 1360 910 1401 pluribus
936 1360 1131 1401 scriptoribus
1155 1361 1233 1391 inter
1259 1363 1396 1390 nostrum
1424 1360 1652 1400 grammaticum
1677 1363 1709 1391 et
1731 1364 1934 1401 excerptorem

192 1407 314 1438 infimae
334 1408 454 1446 aetatis,
476 1407 556 1439 haud
577 1409 621 1439 ita
640 1407 729 1439 facile
749 1408 823 1439 mihi
842 1410 1054 1448 persuaserint,
1081 1409 1133 1448 qui
1154 1409 1286 1449 genuina
1304 1407 1396 1438 Plinii
1416 1407 1510 1437 verba.
1530 1417 1677 1447 nusquam
1698 1418 1759 1439 non
1784 1408 1844 1449 legi
1864 1418 1934 1439 cen-

190 1455 319 1486 suerint.
360 1454 456 1486 Multa
481 1465 551 1496 ergo
577 1457 741 1496 posteriore
769 1460 904 1496 tempore
923 1457 1049 1487 iuventa
1075 1463 1107 1487 et
1133 1467 1200 1487 cum
1228 1457 1362 1496 antiquis
1383 1456 1549 1495 praeceptis
1575 1456 1671 1486 mixta.
1697 1455 1747 1487 vel
1767 1466 1787 1487 a
1806 1457 1935 1496 pristina

195 1503 368 1543 integritate
389 1502 504 1534 deflexa.
529 1503 679 1544 adscripto
701 1506 813 1535 veteris
834 1505 964 1535 auctoris
985 1505 1104 1534 nomine
1126 1508 1160 1535 ut
1180 1505 1285 1544 opinor
1304 1503 1485 1534 ferebantur.
1531 1503 1600 1534 Jam
1621 1513 1714 1543 quum
1734 1507 1853 1535 tantam
1873 1504 1934 1535 Pli-
1968 1508 1971 1510 ’

195 1551 238 1581 nii
258 1550 342 1581 libris
363 1552 566 1591 grammaticis
586 1551 685 1583 labem
705 1553 912 1592 importaverit
932 1555 1077 1591 vetustas,
1098 1562 1186 1592 spero
1207 1552 1343 1592 equidem
1365 1552 1395 1581 in
1418 1551 1465 1581 his
1486 1551 1725 1590 difficultatibus,
1754 1556 1866 1591 quanto
1887 1553 1934 1583 fa-

195 1598 280 1629 cilior
303 1598 407 1639 lapsus
428 1603 488 1637 est,
518 1603 602 1630 tanto
630 1599 704 1630 mihi
729 1600 824 1631 sicubi
852 1600 1001 1631 offendero
1027 1601 1206 1640 paratiorem
1227 1599 1306 1640 apud
1327 1599 1430 1630 doctos
1451 1600 1532 1629 viros
1561 1600 1681 1630 veniam
1701 1600 1772 1630 fore.
1800 1617 1840 1622 —
1865 1600 1934 1631 Jani

194 1656 267 1678 vero
287 1657 378 1687 quum
399 1657 492 1687 nuper
514 1647 610 1679 multa
629 1647 765 1680 subsidia
785 1649 872 1680 nobis
886 1648 1105 1679 redundassent
1125 1649 1272 1689 novisque
1285 1647 1447 1679 admodum
1461 1650 1567 1678 auctus
1581 1650 1662 1678 esset
1675 1649 1866 1678 incrementis
1883 1648 1933 1678 lit-

193 1699 325 1727 terarum
346 1697 608 1735 grammaticarum
630 1697 761 1728 ambitus
778 1697 996 1728 emendationis
1017 1700 1163 1737 apparatu
1183 1696 1311 1728 antehac
1334 1705 1521 1736 nequaquam
1542 1695 1580 1726 ab
1603 1696 1683 1727 omni
1701 1696 1933 1736 palte-peifecto

195 1753 274 1774 nunc
295 1743 474 1783 amplificato
496 1745 549 1775 via
567 1746 685 1776 munita
703 1749 749 1775 est
777 1745 815 1776 ad
837 1745 992 1775 Plinianas
1018 1744 1161 1784 reliquias
1188 1744 1387 1784 exquirendas
1415 1744 1584 1779 accuratius
1609 1747 1701 1783 atque
1728 1744 1934 1776 illustrandas.

192 1791 356 1822 Maximum
379 1801 450 1822 vero
473 1792 679 1831 adjumentum
699 1792 905 1833 hujuscemodi
925 1792 1034 1823 studiis
1054 1793 1181 1823 accessit
1199 1792 1357 1832 diligentia
1377 1792 1602 1831 et'‘sagaeitate
1622 1791 1745 1822 Hem-ici
1764 1792 1856 1822 Keilii
1877 1794 1934 1822 viri

193 1840 454 1879 praestantissimi,
480 1841 531 1879 qui
552 1840 676 1871 reclusis
696 1840 873 1871 Latinorum
894 1839 1044 1871 thesauris
1064 1840 1218 1880 hucusque
1245 1839 1404 1870 reconditis
1425 1840 1690 1879 grammaticorum
1711 1839 1798 1870 nobis
1819 1840 1935 1871 aditum

194 1887 233 1918 ad
253 1887 344 1918 hasce
365 1890 557 1928 quaestiones
578 1889 707 1928 paravit.
748 1888 806 1919 Sed
827 1888 900 1920 haec
920 1889 1087 1920 accuratius
1107 1889 1246 1929 persequi
1265 1887 1390 1929 longum
1412 1892 1459 1919 est
1479 1893 1510 1918 et
1530 1887 1567 1918 ab
1590 1886 1645 1919 hoc
1666 1887 1731 1919 loco
1754 1888 1893 1919 alienum.

291 1935 360 1966 Jam
381 1937 529 1976 sequitur,
556 1940 590 1967 ut
610 1938 640 1967 in
662 1937 693 1967 id
713 1937 877 1977 inquiram,
905 1946 1053 1976 quaenam
1075 1940 1178 1968 extent
1204 1936 1241 1967 de
1266 1946 1298 1967 re
1318 1937 1471 1976 proposita
1491 1940 1626 1967 veterum
1648 1937 1834 1967 testimonia:
1864 1947 1934 1967 nam

194 1986 331 2014 veterum
352 1984 540 2023 potissimum
562 1984 717 2015 hominum
737 1985 928 2015 acutissimas
949 1985 1114 2015 sententias
1136 1988 1282 2025 quantum
1301 1984 1366 2015 fieri
1386 1988 1484 2024 potest
1511 1984 1568 2015 sub
1590 1994 1715 2015 examen
1736 1995 1802 2015 esse
1823 1995 1934 2015 vocan-

195 2031 250 2061 das
271 2032 339 2071 quis
360 2037 407 2063 est
427 2034 476 2073 qui
498 2037 547 2065 eat
567 2033 699 2064 infitias?
735 2034 777 2064 Ac
797 2034 892 2074 primo
913 2033 1033 2074 quidem
1052 2033 1118 2064 loeo
1134 2032 1317 2064 afferendum
1333 2036 1380 2063 est
1400 2033 1605 2063 testimonium
1620 2034 1715 2072 ipsius
1736 2032 1834 2072 Plinii,
1856 2033 1934 2073 quod

195 2079 305 2119 legitur
331 2081 363 2110 in
387 2085 449 2112 nat.
476 2081 547 2112 hist.
574 2081 762 2121 praefatione
783 2082 801 2118 ξ·
823 2082 876 2113 28;
908 2082 992 2121 „Ego
1013 2082 1101 2122 plane
1120 2082 1196 2112 meis
1217 2081 1295 2112 adici
1316 2091 1403 2121 posse
1424 2081 1519 2112 multa
1540 2081 1692 2120 confiteor,
1719 2091 1773 2112 nec
1794 2080 1841 2111 his
1861 2081 1933 2112 solis

195 2127 248 2157 sed
270 2127 409 2158 omnibus
430 2139 507 2167 quae
532 2129 621 2167 edidi,
642 2133 677 2160 ut
697 2130 792 2160 obiter
812 2139 936 2160 caveam
956 2131 1032 2160 istos
1047 2129 1327 2169 Homeromastigas
1349 2130 1406 2168 (ita
1426 2130 1528 2160 verius
1548 2129 1697 2169 dixerim),
1719 2131 1859 2169 quoniam
1880 2140 1933 2159 au-

196 2175 244 2205 dio
264 2179 294 2205 et
315 2175 431 2206 Stoicos
447 2180 478 2206 et
497 2177 691 2213 Dialecticos,
716 2178 877 2218 Epicureos
898 2188 1014 2218 quoque
1036 2177 1120 2217 (nam
1141 2177 1179 2208 de
1199 2177 1405 2218 grammaticis
1429 2187 1546 2221 semper
1573 2178 1763 2218 exspectavi)
1789 2178 1934 2216 parturire

195 2223 341 2253 adversus
361 2222 488 2262 libellos,
510 2234 586 2264 quos
608 2225 644 2255 de
665 2227 862 2265 grammatica
883 2226 971 2265 edidi,
993 2230 1024 2257 et
1036 2225 1162 2257 subinde
1184 2225 1307 2257 abortus
1329 2225 1426 2256 facere
1442 2227 1505 2265 jam
1527 2225 1629 2257 decem
1651 2227 1747 2263 annis,
1769 2235 1836 2255 cum
1857 2225 1935 2255 eele-

193 2271 255 2300 rius
286 2271 378 2301 etiam
404 2269 557 2310 elephanti
580 2273 714 2311 pariant3
743 2282 796 2303 ceu
823 2284 894 2305 vero
924 2275 1055 2304 nesciam
1083 2273 1229 2304 adversus
1257 2272 1498 2312 Theophrastum
1525 2274 1676 2305 hominem
1704 2274 1736 2302 in
1763 2272 1936 2310 eloquentia

192 2321 328 2357 tantum,
354 2322 389 2349 ut
413 2328 522 2349 nomen
550 2319 685 2350 divinum
712 2321 781 2351 inde
807 2322 962 2360 invenerit,
989 2322 1145 2361 scripsisse
1173 2321 1263 2351 etiam
1291 2321 1434 2351 feminam
1462 2325 1492 2351 et
1518 2321 1707 2360 proverbium
1731 2319 1803 2372 inde
1831 2324 1937 2352 natum

1703 2365 1742 2391 1²·
