2160 2697
1039 155 1087 189 tn

190 258 261 297 dam
279 268 318 290 ne
339 257 391 289 illa
417 257 537 298 quidem
563 258 713 299 quaestio,
741 269 800 299 quo
829 258 954 290 consilio
975 269 1068 291 unum
1088 259 1255 291 alterumve
1275 259 1447 300 scriptorem
1468 262 1693 294 exsenibendum
1716 263 1773 295 sibi
1795 263 1927 305 elegerit,

189 317 311 348 prorsus
331 306 512 348 negligenda
530 305 659 339 videtur.

285 355 344 387 Sed
368 359 530 395 antequam
554 355 586 385 in
614 355 645 385 id
672 356 873 395 inquiramus,
902 356 1032 386 maxime
1059 358 1165 387 nostra
1189 357 1315 388 interest
1339 355 1377 387 de
1402 355 1617 398 philosophicis
1644 360 1733 393 Plinii
1763 361 1931 394 rationibus

189 403 342 442 disserere,
365 412 441 444 quas
461 403 493 433 in
514 402 673 444 divulgata
693 403 747 434 illa
766 403 969 434 controversia
995 407 1141 443 sequutus
1161 405 1202 437 sit
1228 407 1262 436 et
1279 414 1352 435 num
1380 408 1553 438 constanter
1579 407 1617 437 ab
1643 408 1789 441 alterutra
1813 411 1932 441 emat

189 447 282 492 parte,
303 462 395 492 quum
415 452 521 492 quanti
541 450 599 482 hae
620 451 660 482 ad
680 462 742 483 rem
762 452 944 492 propositam
965 451 1028 482 sint
1052 451 1259 484 aestimandae
1279 453 1331 483 vix
1356 452 1415 485 dici
1439 454 1545 494 possit.
1586 454 1654 493 Qua
1680 457 1711 487 in
1738 467 1769 489 re
1790 457 1931 490 Varronis

187 500 378 540 potissimum
399 501 540 540 vestigiis
558 500 707 530 institisse
720 499 848 538 videtur,
870 509 958 538 quem
980 502 1139 537 „naturam
1154 499 1327 540 analogiam
1340 502 1586 534 consuetudinem
1601 506 1832 537 auctoritatem⁴⁴
1851 511 1930 539 tam-

188 558 278 589 quam
298 547 497 587 fundamenta
517 558 553 580 ac
572 548 719 588 principia
737 547 884 578 sermonis
905 546 992 578 latini
1011 547 1151 587 posuisse
1171 556 1263 587 supra
1275 547 1559 583 demonstravimus.
1593 551 1776 591 ‚‚Naturam“
1788 555 1816 595 ι)
1836 555 1931 589 semel

188 600 308 627 tantum
325 597 357 627 in
374 596 458 627 dubii
478 597 625 627 seimonis
645 596 787 626 librorum
809 595 942 636 reliquiis
962 599 1089 635 usurpat
1108 599 1220 638 noster,
1241 597 1427 634 „rationem“
1448 599 1513 631 sive
1533 600 1742 642 „analogiaffl
1762 604 1883 643 saepius
1891 605 1932 645 ¹),

185 644 363 685 saepissime
391 643 691 683 „consuetudincm“‚
724 643 772 674 cui
793 642 878 674 addit
905 642 1038 674 Ciceroni
1074 646 1109 673 ut
1140 644 1243 683 opinor
1271 644 1473 684 adstipulatus
1504 649 1709 685 „suavitatem
1741 650 1880 681 aurium“
1890 651 1930 693 ⁸).

187 693 484 732 „Auctoritatem“⁴)
504 702 572 723 raro
593 692 625 722 in
645 691 746 723 medio
766 692 861 732 ponit,
883 690 977 723 semel
997 694 1152 730 „veterum
1174 691 1416 733 dignitatemffl),
1443 695 1492 726 cui
1513 697 1636 737 opponit
1657 701 1812 736 „veterum
1835 698 1929 731 licen-

186 740 332 777 tiam“·'·).
372 740 441 770 Jam
462 749 611 779 quaenam
631 740 820 769 constituerit
841 738 878 769 de
898 739 1035 778 siugulis,
1057 739 1127 779 quid
1149 740 1190 770 sit
1210 740 1289 779 quod
1310 743 1490 778 „naturam“
1510 745 1698 781 ‚‚rationem“
1719 747 1930 784 „consuetudi-

186 788 275 831 nem“
295 788 545 827 „auctoritatem“
565 787 772 828 usurpaverit,
800 786 832 818 iu
860 789 947 817 tanta
966 786 1147 828 fragminum
1170 787 1208 818 ad
1234 787 1324 819 hasce
1356 789 1550 828 quaestiones
1577 794 1776 831 spectantium
1804 796 1929 834 penuria

185 837 357 868 distinctius
368 836 486 868 definiri
506 837 627 876 nequit;
648 835 789 867 Pliniana
808 845 880 867 vero
896 835 932 866 de
949 835 998 866 his
1011 835 1122 876 placita
1140 836 1314 871 avan-tonis
1333 836 1476 875 doctdna,
1497 848 1575 878 quae
1595 839 1734 872 Diomedi
1754 842 1878 875 debetur
1888 844 1917 886 ⁸)

185 884 268 923 haud
289 885 333 916 ita
352 884 442 925 longe
463 884 570 916 abesse
591 883 679 914 facile
702 883 778 914 mihi
790 884 1002 923 persuaserim:
1023 883 1061 914 cf.
1081 884 1205 921 Quintil.
1225 884 1249 915 L
1269 886 1298 924 6,
1320 894 1409 924 quem
1428 886 1570 917 Varronis
1591 889 1657 920 sive
1677 889 1770 921 Plinii
1790 867 1928 932 vestigiiii

184 933 354 974 ingressum
374 923 443 964 ease
460 931 520 965 alio
540 931 606 963 loco
628 931 908 963 demonstrabimus.

282 981 436 1019 Quantum
456 980 710 1020 vero-analogiae
730 979 868 1011 tribuerit
888 983 920 1011 et
939 989 1029 1020 quam
1044 980 1190 1011 rationem
1204 980 1283 1012 inter
1295 980 1467 1022 analogiam
1483 987 1514 1013 et
1527 984 1772 1018 consuetudinem
1792 990 1929 1020 statuen—

184 1029 256 1061 dam
285 1031 448 1068 censuerit,
480 1029 584 1069 paucis
604 1029 658 1059 sed
679 1028 789 1058 diserte
810 1028 932 1068 exponit
950 1027 1060 1058 Detlef.
1081 1027 1101 1058 1.
1122 1027 1143 1058 1.
1164 1038 1194 1068 p.
1215 1029 1291 1060 697:
1318 1030 1435 1069 utrique
1450 1031 1535 1070 Justa
1555 1031 1686 1064 Plinium
1713 1024 1855 1074 praebere
1878 1038 1928 1077 ju-

185 1077 276 1116 dicat,
297 1076 352 1108 sed
372 1077 425 1116 ita,
446 1080 482 1108 ut
502 1086 540 1107 ex
559 1080 644 1116 parte
665 1075 840 1115 analogiam
861 1075 1011 1113 defendat,
1032 1076 1249 1107 consuetudine
1269 1077 1335 1107 sive
1349 1081 1509 1111 veterum*
1523 1073 1671 1118 dignitate
1697 1091 1765 1113 eam
1786 1093 1825 1114 ex
1844 1088 1930 1124 parts

184 1125 285 1167 quoad
303 1125 375 1156 licet
393 1128 536 1162 coerceat.
577 1123 643 1154 Hoc
665 1124 758 1164 igitur
778 1127 941 1163 praeeunte
961 1122 1130 1155 Secundum
1151 1123 1294 1155 Varronis
1314 1125 1414 1164 potius
1435 1136 1524 1166 quam
1546 1126 1683 1161 Caesaris
1693 1129 1722 1169 ⁷)
1749 1134 1928 1163 memorem

184 1174 279 1207 fuisse
300 1177 332 1205 et
352 1173 405 1204 vix
425 1176 598 1204 constanter
617 1172 656 1202 ab
671 1171 829 1212 analogiae
850 1175 936 1211 parte
956 1172 1086 1210 stetisse,
1107 1171 1161 1202 sed
1181 1172 1259 1203 hanc
1278 1172 1340 1204 illis
1353 1173 1573 1214 quodammodo
1588 1176 1804 1209 conciliandam
1825 1189 1927 1212 παιω-

176 1222 265 1264 pisse
285 1222 532 1252 existimaverim.
572 1219 691 1250 Etenim
712 1229 804 1259 quum
825 1217 906 1249 haud
926 1220 971 1250 ita
990 1229 1102 1258 paucas
1126 1219 1285 1251 verborum
1305 1220 1434 1261 formas,
1463 1233 1540 1263 quas
1555 1223 1603 1255 ‘ab
1630 1225 1788 1266 analogiae
1808 1228 1925 1259 ratione

182 1268 342 1307 abhorrere
369 1268 429 1300 sibi
455 1268 673 1309 persuasisset,
702 1278 792 1308 quum
823 1266 1038 1298 consuetudine
1067 1270 1131 1298 tum
1155 1268 1335 1300 auctoritate
1359 1268 1479 1301 defendi
1504 1272 1697 1311 cognovisset
1723 1272 1927 1315 plurimasque

181 1328 273 1351 voees
293 1318 372 1358 apud
393 1318 591 1358 gravissimos
612 1317 771 1356 scriptores
791 1315 903 1356 duplici
923 1316 1065 1355 varioque
1093 1315 1182 1346 modo
1205 1316 1333 1348 traditas
1352 1317 1534 1357 invenisset,
1563 1322 1681 1352 tantum
1702 1321 1788 1359 afuit,
1817 1328 1851 1355 ut
1880 1323 1926 1355 al-

183 1371 279 1397 teram
299 1366 428 1397 formam
448 1366 609 1396 immutare
629 1363 680 1395 vel
700 1364 810 1395 reicere
829 1363 964 1402 auderet,
991 1367 1026 1394 ut
1046 1367 1201 1404 utramque
1229 1365 1435 1406 comprobaret
1460 1370 1492 1398 et
1518 1367 1690 1401 distinctius
1716 1371 1866 1410 quomodo
1896 1377 1927 1404 et

183 1426 246 1457 qua
265 1416 296 1446 in
317 1425 349 1446 re
370 1414 467 1446 altera
486 1414 532 1445 uti
553 1413 684 1444 debeant
704 1412 772 1453 puri
792 1411 986 1452 distinctique
1005 1412 1153 1444 sermonis
1167 1413 1295 1444 studiosi
1308 1415 1507 1455 praeciperet:
1528 1416 1629 1456 itaque
1649 1417 1714 1449 fieri
1734 1428 1795 1450 non
1815 1421 1925 1460 potuit,

182 1465 254 1506 quin
273 1464 367 1495 nimio
389 1461 593 1503 distinguendi
614 1461 715 1492 studio
730 1461 837 1492 ductus
847 1460 877 1501 ο)
897 1465 1056 1501 praecepta
1069 1471 1089 1491 a
1101 1460 1249 1502 prioribus
1262 1463 1465 1502 grammaticis
1478 1463 1551 1495 data
1569 1465 1789 1504 quodammodo
1816 1467 1926 1500 discer-

180 1515 266 1552 peret
284 1511 396 1543 finibus
410 1511 501 1542 nimis
514 1510 655 1551 angustis
676 1510 874 1549 circumsepta
894 1513 926 1540 et
946 1510 1085 1550 quaesita
1105 1509 1311 1541 tantummodo
1331 1511 1430 1550 specie
1449 1511 1608 1553 anologiae
1621 1531 1662 1537 —
1682 1524 1753 1546 nam
1775 1520 1809 1547 ut
1820 1517 1928 1548 κανών

180 1560 363 1601 analogiam,
391 1560 436 1591 ita
456 1557 587 1594 κανόνες
608 1557 790 1589 anomaliam
811 1567 884 1598 prae
911 1567 945 1588 se
967 1558 1107 1597 serunt’)
1131 1574 1172 1580 —
1191 1558 1399 1591 auctoritatem
1418 1560 1607 1600 maximaque
1627 1571 1666 1592 ex
1686 1566 1771 1602 parte
1790 1568 1927 1597 veterum

181 1608 359 1649 dignitatem
380 1607 558 1647 saepissime
578 1607 608 1637 in
630 1607 729 1646 prima
750 1606 815 1636 acie
834 1609 971 1645 poneret.
1013 1605 1072 1637 Sed
1093 1615 1155 1636 non
1176 1606 1265 1637 modo
1286 1606 1356 1646 quid
1376 1610 1511 1638 veter-mn
1538 1608 1670 1649 dignitas
1697 1613 1928 1653 commendaret,

180 1655 234 1688 sed
255 1657 347 1688 etiam
367 1655 439 1696 quid
452 1654 610 1685 recentiori
623 1654 701 1684 mori
716 1654 898 1685 conveniens
914 1658 994 1684 esset
1009 1653 1060 1684 vel
1074 1654 1266 1693 neotericam,
1287 1658 1322 1685 ut
1334 1655 1378 1685 ait
1394 1655 1518 1686 Servius
1532 1656 1570 1687 ad
1585 1657 1672 1697 Verg.
1687 1659 1760 1690 Aen.
1773 1659 1842 1691 XII.
1856 1661 1926 1700 605,

180 1704 424 1745 perscrutabatur
444 1706 522 1734 teste
543 1702 750 1741 Cha1·isio¹⁰).
791 1702 868 1732 Nam
888 1702 1076 1742 grammatici
1098 1712 1189 1742 quum
1210 1702 1258 1741 iis,
1284 1712 1361 1742 quae
1390 1713 1443 1743 per
1463 1703 1648 1736 saeculorum
1674 1705 1830 1739 decursum
1858 1702 1926 1740 aliis

179 1757 270 1793 atque
297 1751 366 1783 aliis
394 1749 587 1791 scriptoribus
614 1751 729 1781 usitata
755 1749 875 1780 fuerant
899 1751 1125 1781 accuratissime
1159 1750 1328 1781 observatis
1357 1761 1523 1783 sermonem
1552 1754 1741 1793 antiquitatis
1775 1755 1925 1788 diversum

180 1801 275 1832 fuisse
306 1811 326 1831 a
357 1798 574 1831 consuetudine
595 1808 652 1829 sua
673 1801 773 1829 aetate
793 1797 969 1839 pervulgata
989 1797 1344 1839 animadvertissentss),
1366 1798 1485 1840 singula
1505 1799 1687 1842 diligentius,
1709 1807 1743 1834 ut
1763 1813 1800 1834 ex
1821 1803 1868 1835 his
1888 1804 1926 1836 de

281 1898 288 1912 ¹
293 1904 302 1928 )
319 1895 436 1929 Pompej.
454 1897 593 1922 comment.
610 1896 662 1920 art.
680 1893 747 1919 Don.
763 1901 790 1926 p.
806 1894 855 1920 283
871 1894 918 1920 K.:
935 1896 1054 1920 ceterum
1072 1901 1135 1921 num
1152 1893 1219 1921 haee
1235 1894 1354 1927 genuina
1371 1898 1452 1928 atque
1476 1896 1584 1930 integra
1605 1897 1661 1924 sint
1680 1898 1762 1926 Plinii
1779 1900 1861 1927 verba
1878 1901 1924 1927 du·

179 1937 249 1970 'm'
267 1937 303 2009 ⁶¹55
319 1937 438 2004 {2212oe
439 1943 546 2009 :nnio-m
540 1935 604 2002 ulii?
606 1934 723 2002 ἓξὲξ
724 1933 854 2006 {axium
871 1973 1030 2008 „mogi-⁴⁴
1048 1974 1148 2008 legitur
1165 1974 1228 2002 ibid.
1245 1982 1271 2008 p.
1288 1975 1336 2002 138
1353 1975 1387 2002 K.

279 2019 302 2049 ³)
319 2017 420 2044 charis.
438 2025 462 2050 p.
480 2017 528 2043 123
544 2016 578 2042 K.

277 2060 302 2090 ¹)
319 2057 435 2090 Pompej.
453 2064 544 2082 comm.
561 2058 612 2087 art.
631 2056 697 2082 Don.
714 2062 739 2088 p.
758 2055 805 2081 1⁴14
821 2055 853 2082 K.
879 2055 980 2082 Charis.
998 2063 1021 2089 p.
1040 2055 1087 2082 105
1104 2055 1136 2082 K.

279 2100 302 2131 ¹⁵)
319 2098 382 2125 ibid.
398 2105 423 2131 p.
440 2097 489 2123 118
504 2096 537 2123 K.

277 2141 301 2167 ⁶)
319 2138 438 2165 Diomed.
456 2145 481 2170 p.
498 2138 547 2164 439
563 2137 596 2163 K.

279 2181 302 2211 ⁷)
319 2179 360 2206 Cf.
377 2178 410 2204 de
426 2178 457 2204 G.
474 2177 527 2204 Jul.
545 2177 619 2203 Caes.
637 2184 748 2210 gramm.
766 2185 791 2210 p.
810 2177 847 2203 10.

277 2222 301 2251 ¹¹)
318 2218 419 2246 videsis
437 2224 505 2250 quas
521 2217 593 2243 iufra
610 2217 778 2244 disseremus.

278 2263 301 2291 ⁹)
318 2260 358 2286 De
375 2259 406 2285 G.
423 2258 478 2285 Jul.
496 2258 570 2284 Caes.
587 2265 700 2291 gramm.
716 2258 734 2284 l.
750 2258 768 2284 l.

262 2303 299 2332 ¹⁰)
318 2300 366 2325 134
386 2299 418 2324 K.

262 2343 299 2372 ¹¹)
318 2340 357 2367 Cf.
374 2339 443 2365 Keil.
461 2338 487 2365 in
505 2337 588 2371 praef.
606 2337 707 2364 Charis.
725 2345 749 2371 p.
762 2338 844 2365 Lm:
863 2339 1002 2371 „Valerius
1021 2340 1068 2372 ait,
1087 2340 1305 2368 consuetudinem
1317 2341 1488 2375 antiquitatis
1501 2344 1582 2371 stiam
1600 2344 1691 2377 fnisse,
1709 2349 1740 2373 ut
1750 2354 1833 2381 paene
1845 2347 1913 2374 alios
