2160 2697
1011 201 1060 236 ¹0

164 303 315 334 comuni
335 312 392 333 usu
411 306 444 333 et
465 302 662 334 recentiorum
690 301 812 334 lieentia
831 303 930 335 denuo
956 303 1084 336 infracta
1103 313 1140 336 ac
1159 312 1254 344 paens
1273 303 1384 343 rejecta
1407 303 1439 334 in
1464 302 1556 334 dubio
1575 303 1688 335 versari
1715 302 1906 335 animadver-

163 354 254 390 terat,
275 349 447 389 collegisset
466 353 498 380 et
517 350 549 380 in
570 349 698 381 schedas
719 350 894 390 rettulisset,
915 351 989 382 illud
1009 352 1201 391 potissimum
1221 351 1327 391 opinor
1346 350 1418 390 egit,
1444 353 1479 381 ut
1497 353 1644 390 quantum
1663 360 1716 391 per
1734 350 1825 382 latini-
1841 360 1906 382 sor-

163 399 262 431 monis
281 397 485 430 conditionem
508 396 595 429 licuit
619 397 780 440 analogiae
806 399 922 430 ratione
948 398 1054 431 habita
1078 398 1255 440 dijudicaret
1280 400 1371 439 atque
1397 396 1594 438 disceptaret,
1621 407 1660 430 ne
1686 398 1848 440 quidquam
1873 399 1908 430 in

164 448 246 477 omni
265 445 387 486 linguae
408 445 524 477 ambitu
544 446 727 477 dubitationi
747 446 978 487 relinqueretur:
1000 448 1038 479 cf.
1058 448 1161 486 Quint.
1181 447 1206 479 L
1226 448 1260 479 6:
1292 447 1386 487 „Ejus
1410 444 1596 486 (analogiae)
1625 445 1700 478 haec
1725 448 1774 479 vis
1794 451 1852 487 ost,
1871 451 1907 479 ut

163 494 195 525 id
215 493 295 534 quod
316 493 440 524 dubium
461 497 525 531 est,
546 493 586 524 ad
606 493 722 533 aliquid
742 494 856 533 simile,
883 494 920 525 de
941 504 998 534 quo
1019 504 1081 525 non
1101 495 1270 535 quaeritur,
1291 494 1415 532 referat,
1439 496 1474 524 ut
1493 493 1609 524 incerta
1627 495 1716 525 certis
1734 495 1906 535 probenuu,

163 541 243 582 quod
264 541 392 573 efficitur
412 541 524 582 duplici
544 542 614 573 via:
636 543 859 582 comparatione
878 541 1022 573 similium
1043 543 1076 572 in
1096 543 1239 574 extremis
1252 543 1382 573 maxime
1396 540 1522 580 syllabis
1542 563 1551 572 .
1567 562 1577 572 .
1591 563 1600 572 .
1620 544 1652 572 et
1670 541 1905 575 diminutione“:

163 598 242 629 quse
260 588 439 628 Quintiliani
459 590 536 620 ratio
551 589 682 630 quadam
703 599 741 620 ex
753 594 839 630 parte
859 590 989 620 concinit
1003 600 1070 620 eum
1084 589 1225 620 Pliniana
1237 599 1315 630 quae
1329 589 1472 630 Pompejo
1482 589 1512 630 ¹)
1532 588 1658 619 debetur
1671 588 1742 620 bae:
1763 589 1906 630 „quando

162 637 338 668 dubitamus
357 637 520 678 principale
540 647 645 678 genus,
670 637 829 668 redeanuu
855 637 895 668 ad
922 638 1180 668 diminutionem“.
1222 637 1368 668 Nimirum
1389 638 1511 678 saepius
1531 636 1672 678 analogia
1691 637 1722 668 in
1748 638 1906 670 arctiorem

161 695 271 727 gyrum
289 685 445 726 compulsa
464 689 574 724 noster,
594 689 629 716 ut
644 685 709 725 jam
729 694 822 726 supra
841 685 1038 724 ostendimus,
1064 686 1134 716 usui
1154 686 1305 717 communi
1325 689 1357 717 et
1376 685 1548 717 auctoritati
1572 685 1603 716 in
1623 685 1782 717 verborum
1801 684 1907 717 normis

162 733 381 767 constituendis
401 738 433 766 et
452 744 472 765 a
491 733 561 765 dub·
611 734 679 765 'one
699 733 889 766 removendis
908 734 999 766 nimis
1019 733 1160 766 indulsit:
1188 735 1292 775 itaque
1311 733 1379 766 fieri
1398 743 1459 765 non
1478 734 1587 775 potuit,
1607 734 1680 775 quin
1699 732 1855 775 permultis
1873 734 1906 767 in

162 782 277 823 regulis
297 793 389 822 quum
409 781 575 822 singularib
632 786 698 812 tum
717 784 904 813 tenuissimis
924 783 1126 823 proponendis
1146 784 1237 814 nimis
1256 782 1362 813 subtili
1382 786 1475 821 atque
1495 782 1658 814 artificiosa
1670 782 1837 814 disserendi
1857 792 1907 818 ra-

161 829 245 861 tione
264 833 406 861 uteretur.
447 829 517 861 Jam
538 829 576 860 ob
596 839 613 860 c
634 830 714 870 piam
735 830 811 860 sat-is
831 839 973 870 magnam
994 840 1106 869 eorum,
1134 840 1211 870 quae
1230 831 1366 860 virorum
1387 829 1570 860 eruditorum
1590 830 1779 861 dissensione
1798 831 1830 861 in
1851 829 1907 860 du-

160 877 246 908 bium
265 881 375 909 vocata
394 887 432 908 ex
452 876 572 908 schedis
592 877 735 908 delibavit
757 887 793 908 ac
816 877 951 917 contulit,
973 878 1104 909 Plinium
1118 878 1211 909 libros
1232 878 1334 917 „dubii
1354 878 1520 909 sermonis“
1541 878 1740 919 inscripsisse,
1761 888 1854 919 quum
1875 878 1908 909 in

160 924 210 956 his
229 925 430 966 dijudicandis
449 926 580 956 maxims
602 929 812 966 argumentum
832 929 978 965 versetur,
999 930 1138 967 apparet:
1168 927 1269 967 itaque
1295 936 1356 957 non
1376 936 1483 957 vereor
1502 935 1541 957 ne
1561 926 1593 965 ii,
1614 927 1667 967 qui
1684 926 1778 958 libros
1797 927 1842 958 sic
1859 926 1906 958 in-

160 974 291 1014 scriptos
311 983 378 1005 esso
399 983 419 1004 a
437 973 538 1005 Plinio
562 977 680 1004 tantam
701 983 809 1004 vocum
829 973 1053 1005 multitudinem
1080 985 1157 1015 quae
1176 978 1246 1015 post
1272 975 1369 1016 ipsius
1389 983 1477 1005 curas
1497 973 1607 1004 dubiae
1627 974 1750 1005 relictae
1769 978 1843 1005 sunt
1860 984 1907 1005 re-

160 1024 288 1062 putante
308 1022 488 1061 censuerint,
508 1022 642 1053 virorum
663 1021 816 1053 doctorum
843 1022 982 1062 plausum
1002 1023 1109 1054 ferant.
1145 1022 1223 1061 Quid
1251 1023 1292 1053 sit
1311 1022 1433 1054 omnino
1453 1021 1530 1062 quod
1553 1020 1718 1060 „dubium“
1736 1023 1907 1061 vocatus-²),

161 1070 301 1110 quamvis
321 1069 464 1108 Plinium,
491 1079 580 1109 quem
601 1068 811 1110 philosophiae
831 1071 940 1110 quippe
960 1080 1028 1100 cum
1049 1074 1113 1101 arte
1134 1071 1330 1110 grammatica
1350 1071 1612 1110 conjunctissimae
1634 1071 1800 1102 rationibus
1821 1071 1909 1101 enixo

161 1127 283 1158 operam
302 1128 435 1149 navasse.
454 1117 555 1159 paullo
581 1117 660 1149 infra
679 1117 914 1158 disputabimus,
941 1128 1024 1150 more
1049 1117 1295 1159 philosophorum
1322 1118 1488 1159 generatim
1517 1117 1691 1150 definivisse
1717 1119 1848 1150 maxime
1867 1119 1909 1150 sit

160 1169 406 1205 consentaneum,
428 1171 528 1197 tamen
549 1177 641 1206 quum
662 1166 774 1197 diserto
794 1166 1030 1206 fragmentorum
1044 1168 1215 1198 testimonio
1229 1168 1260 1197 in
1276 1166 1332 1197 hac
1346 1177 1378 1197 re
1389 1167 1554 1200 destitutus
1575 1167 1642 1204 sim,
1663 1167 1708 1197 ita
1722 1171 1757 1197 ut
1770 1166 1827 1198 hoc
1838 1177 1908 1207 pro—

159 1213 292 1245 babilius
303 1218 406 1246 nostro
420 1214 511 1245 tribui
524 1215 628 1256 possit,
645 1214 826 1245 constituere
836 1223 897 1245 nou
910 1215 1018 1245 ausim.
1039 1214 1160 1245 Accedit
1172 1214 1252 1255 quod
1266 1215 1298 1245 in
1312 1214 1519 1255 hujuscemodi
1534 1214 1762 1254 quaestionibus
1776 1218 1908 1251 huctan-

161 1263 210 1295 dis
230 1263 397 1295 disserendi
417 1263 506 1297 modo
528 1263 610 1295 haud
629 1265 675 1295 ita
694 1262 849 1294 enucleato
869 1263 917 1294 ve]
940 1274 960 1294 a
979 1263 1068 1295 nobis
1088 1273 1148 1295 nou
1168 1264 1245 1295 satis
1266 1266 1423 1305 perspecto
1443 1273 1519 1294 usus
1540 1266 1602 1294 est:
1630 1263 1674 1294 sic
1694 1265 1775 1295 enim
1796 1264 1908 1301 consti—

159 1312 259 1342 tuisse
277 1311 406 1349 videtur,
431 1315 467 1341 ut
492 1311 562 1351 quid
583 1311 708 1342 dubium
729 1312 785 1349 sit,
810 1315 874 1341 tum
900 1312 971 1351 quid
991 1321 1052 1341 non
1073 1311 1213 1349 dubium,
1241 1311 1312 1351 quid
1332 1312 1460 1351 denique
1481 1311 1579 1342 similo
1599 1311 1700 1342 dubiis
1719 1310 1911 1350 discerneret,

161 1360 247 1400 cujus
273 1358 441 1390 subtilioris
470 1358 624 1390 doctrinae
650 1360 782 1399 vestigia
809 1362 915 1390 extent
939 1360 971 1390 in
999 1359 1096 1390 titulis
1123 1358 1290 1391 Charisiani
1316 1360 1425 1400 capitis
1451 1359 1546 1390 XVII.
1573 1369 1592 1390 a
1618 1358 1807 1391 Schottmull.
1834 1358 1867 1398 (l.
1888 1359 1909 1391 l.

154 1418 192 1448 p.
211 1407 262 1439 28.
282 1407 346 1447 36),
366 1407 534 1439 Heumann.
556 1407 590 1447 (l.
611 1407 631 1439 l.
651 1418 681 1448 p.
697 1408 823 1448 11.18),
844 1406 1022 1438 Brambach.
1037 1407 1105 1446 (1.1.
1126 1418 1156 1448 p.
1172 1408 1230 1440 158
1250 1408 1328 1449 sqq.)
1349 1417 1468 1439 summa
1488 1417 1555 1438 cum
1577 1406 1787 1448 probabilitate
1807 1407 1907 1439 Plinio

161 1455 357 1495 adjudicatis:
379 1454 410 1486 cf
422 1455 547 1486 .Charis.
561 1465 590 1496 p.
604 1456 659 1486 141
674 1455 712 1486 K.
727 1465 752 1486 s.
766 1465 797 1486 v.
810 1456 942 1495 pscium:
966 1455 1156 1495 „addubitari
1174 1457 1266 1486 etiam
1280 1466 1359 1487 nunc
1371 1457 1417 1487 ait
1430 1455 1582 1491 Plinius“;
1603 1455 1676 1486 ibid.
1690 1466 1719 1495 p.
1736 1456 1791 1487 121
1811 1455 1909 1495 K.‘sq.

160 1513 186 1534 s.
208 1513 239 1535 v.
259 1502 372 1535 alacer:
393 1503 440 1542 „si
461 1513 521 1544 qua
539 1502 638 1534 solent
658 1504 689 1535 in
710 1513 819 1534 nomen
841 1502 972 1534 hominis
992 1503 1129 1542 transire,
1153 1513 1212 1534 non
1235 1507 1307 1534 sunt
1326 1503 1451 1539 dubia“;
1478 1503 1550 1535 ibid.
1571 1514 1602 1544 p.
1623 1503 1683 1534 124
1703 1503 1739 1535 K.
1761 1513 1786 1535 s.
1807 1513 1838 1534 v.
1859 1514 1907 1534 ee-

160 1551 260 1583 lebre:
288 1551 407 1591 „simile
427 1551 527 1583 dubiis
547 1558 603 1591 est,
630 1556 666 1583 ιιι
686 1552 742 1583 sub
762 1552 864 1583 littera
888 1562 908 1583 a
928 1552 1091 1583 diximus“.
1131 1552 1214 1583 luter
1238 1551 1330 1583 dubia
1353 1551 1502 1583 referebat
1526 1562 1564 1583 ea
1583 1562 1662 1593 quae
1686 1551 1723 1583 sd
1750 1551 1910 1593 analogias

160 1600 310 1630 rationem
331 1599 414 1630 nullo
434 1604 522 1639 pacto
541 1601 674 1630 revocari
695 1610 784 1640 posse
799 1600 1008 1638 intellexisset,
1029 1610 1120 1639 quum
1137 1600 1399 1639 grammaticorum
1419 1600 1450 1629 in
1465 1601 1643 1630 auctoritate
1657 1601 1744 1630 inniti
1764 1601 1908 1639 nequiiet,

160 1647 298 1688 inprimis
318 1646 530 1686 monosyllaba
550 1647 601 1687 (cf.
623 1647 738 1678 Charis.
760 1647 779 1679 l.
801 1647 836 1678 l.:
865 1657 914 1686 ‚,a.
936 1657 963 1678 e.
984 1657 1014 1678 ιι.
1036 1658 1064 1678 a.
1084 1646 1117 1686 l.‚
1145 1647 1307 1688 „quoniam
1328 1656 1383 1677 nec
1401 1646 1568 1677 finitionem
1589 1645 1682 1677 ullam
1703 1647 1735 1677 in
1756 1647 1909 1685 monosyl-

161 1695 271 1734 labis⁴‘,
291 1696 398 1735 inquit,
419 1697 626 1736 „grammatici
640 1697 899 1737 temptaverunt“;
920 1695 992 1727 ibid.
1014 1707 1043 1736 p.
1059 1696 1118 1727 138
1139 1695 1176 1727 K.
1198 1705 1223 1727 s.
1237 1705 1267 1726 v.
1289 1704 1380 1726 osse:
1393 1693 1623 1734 „monosyllaba
1643 1698 1729 1726 extra
1748 1694 1908 1736 analogian

161 1753 229 1774 esse
250 1743 367 1774 Plinius
394 1743 499 1774 eodem
525 1743 602 1775 libro
620 1744 662 1775 VI
686 1745 790 1775 scribit
815 1749 846 1775 et
871 1744 956 1775 addit
981 1754 1017 1774 eo
1041 1745 1141 1784 magis
1160 1743 1406 1774 consuetudinem
1431 1744 1463 1774 in
1489 1753 1525 1774 eo
1551 1752 1619 1773 esse
1639 1742 1907 1783 retinendam‘⁶)⁸),

160 1792 301 1834 deinceps
321 1792 490 1824 derivativa
509 1791 547 1824 cf.
568 1791 674 1834 Pomp.
695 1802 802 1824 comm.
823 1796 880 1824 art.
894 1792 970 1824 Don.
990 1803 1020 1834 p.
1036 1792 1096 1824 144
1109 1792 1163 1823 K.:
1192 1792 1242 1831 „iu
1264 1790 1501 1823 derivationibus
1520 1799 1646 1830 sequere
1666 1794 1824 1831 praecepta
1844 1789 1908 1822 Pli-

160 1843 204 1873 nii
225 1842 364 1874 Secundi.
397 1842 449 1874 Kit
468 1842 548 1873 enim
570 1842 682 1881 „debes
702 1842 824 1882 quidem
844 1842 1036 1882 adquiescere
1055 1841 1177 1882 regulis,
1198 1840 1251 1873 sed
1272 1841 1303 1873 in
1324 1840 1502 1872 derivativis
1523 1849 1649 1881 sequere
1668 1840 1907 1872 auctoritatem“.

161 1891 213 1921 Ait
231 1891 275 1920 sic
294 1890 405 1921 Caesar
425 1890 457 1920 in
478 1889 563 1920 libris
582 1889 751 1930 analogiae,
772 1889 850 1920 duae
870 1894 941 1920 sunt
959 1890 1062 1928 Albae,
1088 1890 1150 1920 alia
1177 1891 1238 1920 ista
1264 1899 1354 1929 quam
1381 1890 1523 1919 novimus
1551 1890 1583 1920 in
1607 1889 1706 1920 Aricia
1725 1892 1756 1919 et
1776 1888 1839 1919 alia
1857 1888 1907 1920 hie

161 1939 192 1969 in
213 1937 314 1970 ltalia.
348 1937 493 1969 Voleutes
513 1937 643 1968 Romani
664 1937 872 1969 discretionem
892 1937 998 1977 iacere,
1018 1938 1095 1969 istos
1108 1938 1243 1969 Albanos
1263 1937 1412 1975 dixerunt,
1432 1936 1502 1967 illos
1520 1936 1685 1967 Albenses“
1700 1959 1708 1968 .
1724 1958 1734 1968 .
1748 1959 1756 1967 .
1790 1936 1908 1968 Plinius

161 1986 318 2018 Secundus
338 1991 431 2026 negat
451 1991 482 2019 et
502 1987 547 2017 ait
567 1986 611 2016 sic
630 1986 852 2024 „indifferenter
871 1985 945 2017 haec
966 1987 1191 2025 inveniuntur&
1212 1986 1249 2017 cf.
1272 1986 1355 2017 Serv.
1382 1985 1419 2016 ad
1441 1985 1530 2026 Verg.
1551 1986 1623 2017 Aen.
1644 1985 1697 2017 lx.
1719 1985 1806 2025 706);
1834 1995 1907 2016 num

161 2035 332 2076 singulares
352 2044 441 2075 porro
462 2033 592 2074 vocesss)
613 2033 662 2065 vel
683 2043 790 2065 vocum
810 2033 924 2066 formas
934 2035 963 2074 ι)
984 2035 1062 2066 inter
1076 2034 1183 2066 dubias
1197 2034 1351 2073 rettulerit,
1374 2036 1454 2064 certo
1469 2032 1579 2064 indicio
1593 2043 1652 2064 nou
1667 2036 1794 2072 constat,
1815 2043 1906 2073 quum

262 2108 285 2139 ¹)
304 2107 345 2134 Cf.
363 2106 479 2139 Pompei.
497 2114 522 2139 p.
539 2106 587 2133 146
603 2106 644 2137 Κ..
662 2106 706 2138 qui
724 2106 839 2133 Plinium
856 2113 871 2132 e
888 2106 1014 2133 Varronis
1031 2106 1137 2133 scriniis
1154 2113 1212 2133 eam
1228 2109 1379 2132 mutuatum
1397 2112 1456 2132 esse
1473 2105 1568 2131 tradit.
1629 2132 1631 2134 ,

262 2149 286 2179 ²)
303 2147 396 2179 Stoici,
412 2146 459 2180 qui
475 2146 509 2172 ab
525 2146 673 2173 anomaliae
690 2147 811 2179 partibus
828 2147 944 2177 stabant,
961 2147 993 2173 de
1010 2147 1120 2179 linguae
1136 2146 1320 2180 „a’paq-opouoe‘
1337 2147 1495 2178 quaerentes
1512 2145 1580 2171 hanc
1596 2152 1648 2172 non
1665 2145 1743 2172 modo
1760 2145 1795 2171 ad
1812 2153 1907 2172 vocum

161 2187 393 2222 significationem.
409 2187 457 2214 sed
474 2186 556 2214 etiam
568 2186 603 2213 ad
615 2194 706 2213 earum
717 2186 830 2213 formam
842 2187 932 2214 valere
944 2187 1055 2220 ideoque
1068 2193 1198 2220 quamque
1215 2193 1306 2213 vocem
1318 2186 1425 2213 dubiam
1437 2192 1495 2213 esse
1507 2188 1674 2213 censuerunt.
1685 2185 1718 2212 cs.
1730 2184 1796 2211 Gen.
1808 2185 1848 2211 XI
1849 2204 1856 2216 ,
1869 2186 1908 2212 12.

261 2231 284 2259 ⁸)
301 2229 344 2256 Cf.
360 2228 462 2255 Charis.
484 2236 509 2261 p.
527 2228 575 2255 124
591 2227 625 2254 K.
643 2235 664 2254 s.
680 2235 705 2254 v.
722 2227 874 2254 cervicium.
913 2228 937 2254 Ε
958 2227 1135 2254 recentiorum
1156 2227 1389 2261 grammaticorum
1411 2233 1518 2253 numero
1542 2226 1621 2253 Plinii
1644 2229 1830 2260 argumentum
1853 2233 1907 2252 am·

161 2270 234 2304 plexi
251 2272 314 2295 sunt
331 2269 438 2295 Servius
455 2268 501 2300 (ad
518 2268 601 2301 Verg
618 2269 684 2295 Aen.
701 2268 754 2295 111.
771 2269 811 2294 91.
828 2268 877 2294 VI.
894 2269 951 2299 792)
969 2271 998 2294 et
1014 2267 1167 2294 Marcianus
1184 2268 1295 2301 Capella
1312 2268 1374 2300 (ΙΙΙ.
1391 2270 1405 2298 5
1422 2268 1478 2294 259.
1495 2268 1560 2297 803).

261 2312 284 2341 ⁴)
302 2309 341 2336 Cf.
359 2308 504 2342 Quintili.
521 2309 550 2335 l.:
577 2316 626 2339 „ea
643 2316 710 2341 quae
727 2311 792 2335 sunt
808 2315 823 2334 e
840 2308 953 2342 singulis
970 2311 1105 2341 negantur
1122 2307 1218 2335 debere
1234 2308 1390 2334 rationem¹·

263 2353 287 2381 ⁴)
305 2351 401 2378 Utrum
420 2351 470 2376 huc
486 2349 568 2376 Plinii
586 2349 675 2376 studia
692 2349 720 2376 in
738 2348 932 2383 orthographia
948 2349 1087 2382 collocata,
1110 2355 1177 2382 quis
1198 2352 1230 2377 ut
1252 2348 1292 2376 ait
1309 2347 1491 2382 Quintilianus
1516 2348 1549 2381 (1.
1572 2349 1596 2381 7)
1621 2352 1704 2375 totam
1728 2346 1906 2374 subtilitatem

162 2392 189 2418 in
207 2391 294 2417 dubiis
312 2391 400 2422 habet,
419 2391 559 2417 referenda
577 2390 631 2417 sint
648 2398 729 2417 necne
747 2389 859 2417 haesito.
